2490 3848
509 232 710 286 ΕΪΠΔΡΟΜΗ.
1071 229 1113 292 41
1147 310 1148 317 ¹

103 364 253 458 αιρελνῆ
282 370 347 440 άπό
376 375 435 460 τῆς
462 368 561 462 άρῆς,
587 369 609 459 ἦ
633 373 701 440 ἐστι
724 370 849 458 βλάβη,
873 367 894 458 ἣ
917 372 1019 440 πάλιν
1042 368 1113 438 κατ’

102 481 314 564 ἐναντίωσιν,
339 476 462 546 ῶσανελ
482 478 783 564 ἐκμειλισσομένων
801 475 906 545 αὐτὸν
924 481 992 546 τῶν
1015 497 1116 565 προσ-

102 584 370 673 αγορευσάντων·
404 582 614 664 διαστατικὸς
640 583 705 670 γάρ
733 585 788 652 καλ
818 583 1020 671 λυμαντικδς
1047 590 1116 654 τῶν

101 692 411 779 προσηρμοσμένων
434 696 575 777 [γίνεται
599 682 662 758 οὖν
680 687 746 758 άπὸ
766 693 827 758 τοῦ
846 688 961 778 άρσαι,
986 688 1005 758 ὅ
1026 692 1118 759 ἐστιν

101 794 275 885 ἁρμόσαι],
302 796 460 866 τοιούτου
486 795 569 883 τάχα
596 823 688 876 τινος
710 797 869 884 ἐχομένης
891 797 1023 883 καὶτῆς
1042 794 1143 884 ‘Ap-⁶

102 908 233 990 μουίας,
256 900 299 989 ἣν
323 901 516 988 ἐμύθευσαν
540 903 573 984 ἐξ
592 899 698 970 αὐτοῦ
716 903 885 989 γενέσθαι.
922 903 1057 982 εἰκότως
1080 903 1117 969 δὲ

100 1008 156 1076 καὶ
180 1007 360 1096 μιαιφόνος
377 1010 506 1094 λέγεται
528 1008 584 1075 καὶ
608 1007 840 1096 βροτολοιγός,
862 1007 918 1075 καὶ
941 1005 1118 1089 άλαλάξιος

100 1116 157 1182 καὶ
180 1117 354 1202 βριήπυος,
380 1120 535 1202 μεγίστης
558 1116 595 1182 ἐν
618 1128 691 1194 ταῖς
713 1113 936 1200 παρατάξεσιν
958 1103 1024 1206 ῶπδ
1048 1119 1116 1183 τῶν

102 1223 300 1308 μαχομένων
327 1218 509 1307 άφιεμέυης
536 1224 668 1307 φωνῆς,
699 1218 782 1288 ὅθεν
813 1220 868 1288 καὶ
899 1217 1001 1300 ὅνους
1029 1219 1118 1299 τινὲς

101 1326 191 1419 αὐτῷ
215 1325 437 1415 σφαγιάζουσι
459 1325 515 1394 διά
538 1324 576 1394 τὸ
600 1330 790 1416 ταραχῶδες
808 1327 864 1395 καὶ
888 1325 1037 1413 γεγωνὸν
1059 1330 1118 1413 τῆς
1132 1353 1157 1392 ιο

100 1432 282 1521 όγκήσεως,
307 1431 343 1502 ολ
362 1441 510 1500 πλεῖστοι
534 1432 572 1499 δὲ
589 1431 693 1512 κύνας
712 1431 768 1499 διὰ
787 1431 824 1501 τὸ
843 1432 956 1521 θρασὺ
975 1434 1031 1500 καὶ
1052 1435 1118 1502 ἐπι-

100 1537 237 1607 θετικόν
259 1542 321 1606 τοῦ
344 1537 439 1630 ζχόου.
483 1541 647 1624 τιμᾶσθαι
672 1535 704 1605 δ’
725 1535 791 1606 ὑπὸ
811 1543 953 1628 Θρᾳκῶν
975 1538 1118 1626 μάλιστα

101 1646 156 1712 καλ
170 1649 322 1713 Σκυθῶν
339 1644 395 1712 καὶ
411 1647 480 1712 τῶν
494 1642 658 1711 τοιούτων
674 1646 787 1712 ἐθνῶν
805 1645 949 1731 λέγεται,
971 1643 1050 1729 παρῗ
1067 1640 1118 1725 οἷς

101 1748 121 1838 ἡ
145 1754 214 1819 τῶν
236 1753 425 1837 πολεμικῶν
448 1748 586 1836 άσκησις
604 1748 776 1837 εὐδοκιμεῖ
791 1750 848 1817 καὶ
869 1748 907 1819 τὸ
927 1748 1117 1839 άνεπιστρε·

102 1855 162 1943 φὲς
183 1861 242 1942 τῆς
265 1860 368 1942 δίκης.
404 1859 493 1941 γῦπα
513 1853 545 1922 δ’
563 1855 655 1942 λερόν
674 1874 779 1942 φασιν
798 1853 903 1925 αὐτοῦ
919 1854 1017 1944 ὄρνιν
1031 1855 1117 1926 εἶναι
1131 1879 1158 1922 15

102 1962 159 2034 διὰ
181 1960 218 2031 τό
242 1960 434 2042 πλεονάζειν
459 1958 544 2028 ὅπου
567 1959 642 2028 πότ’
664 1957 707 2028 διν
726 1961 883 2048 πτώματα
900 1961 1007 2030 πολλδι
1026 1961 1117 2051 άρηΐ-

102 2077 218 2157 φθορα
241 2060 274 2156 ᾖ.

168 2269 193 2313 ο.
215 2249 267 2313 22.
308 2242 405 2313 Μετὰ
433 2244 596 2312 δὲταῦτα
619 2244 780 2332 περὶτοῦ
805 2236 1120 2315 ΠΟΣΕΙΔΩΝΟΣ

101 2344 225 2438 ῶπαῖ,
249 2350 391 2418 λεκτέον.
435 2355 629 2439 προείρηται
651 2349 713 2436 μὲν
738 2347 788 2417 ὅτι
812 2347 829 2417 ὁ
855 2348 955 2430 αὐτός
978 2353 1047 2418 ἐστι
1076 2356 1116 2440 τῇ

100 2457 280 2545 τεταγμένη
304 2455 386 2525 κατὰ
407 2448 444 2524 τό
464 2453 571 2542 ὑγρὸν
595 2455 752 2542 δυνάμει,
776 2459 841 2523 νῦν
861 2456 899 2525 δὲ
917 2467 1117 2545 παραμυθη-
1130 2499 1156 2540 20

101 2563 177 2629 τόον
200 2566 309 2630 τοῦτο.
344 2571 478 2650 πρῶτον
501 2560 563 2649 μὲν
587 2552 651 2629 οὖν
674 2559 840 2648 φυτάλιου
864 2559 969 2631 αὐτόν
992 2563 1115 2632 ἐπωνό-

102 2686 228 2754 μασαν,
252 2667 364 2754 ἐπειδὴ
384 2671 444 2735 τοῦ
469 2667 618 2754 φύεσθαι
641 2665 681 2734 τδι
705 2669 741 2734 ἐκ
764 2671 824 2754 γῆς
846 2667 1012 2756 γενόμενα
1034 2666 1055 2757 ἡ
1079 2672 1116 2739 ἐν

174 2832 197 2881 1.
217 2819 234 2880 ό
254 2822 312 2880 ἔστι
329 2823 400 2897 NJ
421 2858 455 2867 -
474 2820 580 2900 βλάβης
597 2823 669 2898 N2b'
693 2801 731 2866 -δ
752 2833 777 2881 2.
798 2823 893 2882 αὐτῶν
911 2828 974 2898 Nlo
992 2804 1026 2869 -ζ
1046 2836 1071 2885 2.
1091 2835 1114 2885 3.

28 2946 32 2957 f
100 2893 369 2966 προσαγορευόντων
392 2913 406 2951 ι·
428 2928 462 2938 -
486 2903 511 2952 λ.
535 2893 654 2968 άροαιδ
678 2928 712 2938 -
737 2904 761 2952 5.
785 2893 919 2970 ἁρμόσαι]
943 2899 1024 2955 addit
1046 2916 1073 2954 e:
1096 2896 1114 2966 ἡ

100 2964 155 3037 γὰρ
174 2963 308 3036 δραστικὴ
329 2963 449 3036 δύναμις
466 2963 654 3038 προσαρμόζει
672 2965 707 3022 τὰ
730 2964 881 3038 πράγματα
900 2999 934 3010 -
959 2964 1116 3040 εὐχομένης

100 3038 165 3109 Ν,δ
184 3069 217 3079 -
237 3044 262 3093 8.
276 3033 418 3180 βριήπυος
436 3038 517 3093 Hom.
533 3042 565 3093 N
576 3043 627 3093 521
648 3033 778 3109 βριήπιος
796 3041 812 3092 λι
831 3035 948 3112 βοήπιος
967 3058 985 3096 α
1003 3039 1117 3112 μιόπιος

101 3126 166 3165 ο-
186 3114 211 3164 8.
231 3115 255 3164 9.
288 3106 344 3163 ὑπὸ
363 3109 419 3162 τῶν
438 3109 618 3198 μαχομένων]
638 3127 669 3176 ας
694 3109 728 3179 V,
752 3109 781 3162 in
804 3111 930 3180 margine
949 3110 1063 3180 supplet
1081 3141 1115 3151 -

102 3186 126 3234 9.
142 3177 216 3243 τινὲς
229 3179 278 3234 καὶ
292 3175 435 3241 ’όνονςΕό
449 3181 501 3235 καί
511 3199 586 3244 τινες
598 3199 682 3242 ονους
695 3196 709 3236 ο
723 3209 756 3221 -
773 3185 814 3235 10.
828 3179 955 3250 γεγωνὸν
968 3183 1005 3235 Α.
1014 3181 1116 3236 Nauck

102 3248 224 3318 γεγωνὸς
242 3250 369 3321 (γεγονὸς
383 3249 419 3321 G)
435 3249 459 3305 O
473 3281 506 3291 -
528 3256 569 3307 14.
588 3247 677 3321 ἡτῶν
690 3251 850 3320 πολεμικῶν
864 3247 889 3306 a‘
899 3250 934 3322 V,
953 3248 1046 3321 ᾆητῶυ
1064 3272 1115 3307 πο-

101 3322 221 3408 λεμικῶν
238 3323 284 3376 Nl
306 3319 398 3391 ῥητῶν
420 3319 551 3391 πολέμων
570 3319 644 3394 ’Νβό
669 3322 726 3376 τῶν
748 3326 908 3391 πολεμικον
930 3318 948 3391 ἡ
973 3339 988 3377 υ
1011 3351 1045 3363 -
1072 3328 1114 3378 16.

102 3392 193 3446 αυτοῦ
213 3394 250 3446 Μ
258 3393 285 3446 V
318 3389 395 3460 αὐτῷ
415 3398 472 3448 cett.
492 3424 526 3434 -
547 3400 588 3449 16.
607 3388 784 3462 πλεονάζειν]
803 3396 847 3446 πλ.
866 3388 901 3446 τά
920 3389 1007 3461 ὄρνεα
1025 3394 1115 3448 ταῦτα

102 3469 220 3518 ο-17.
239 3431 297 3535 ῇά
309 3464 342 3535 V²
364 3461 434 3520 ὄντα
448 3464 482 3520 Ν
484 3466 494 3520 l
512 3454 562 3518 άσι
580 3459 652 3534 Ν,ό’
672 3459 742 3517 ὄντα
761 3464 888 3518 anteced.
908 3465 952 3533 εἴη
970 3460 1088 3534 πτῶμα
