2490 3848
528 221 728 274 EIHAPOMH.
1075 218 1115 280 ll
1141 244 1144 249 ·

97 363 279 452 μασμὲνων
298 363 363 435 άπὸ
386 368 446 433 τοῦ
469 367 607 432 τοιαῦτα
630 359 850 450 ἁμαρτάνειν,
871 359 924 447 ἐφ’
952 355 1003 441 οἷς
1025 365 1116 429 ἔστιν

97 470 281 561 άλαστῆσαι
304 471 359 540 καὶ
383 469 556 554 στενάξαι,
583 473 652 537 τῶν
677 467 715 535 δὲ
741 465 890 536 ἀπὸτοῦ
919 479 992 545 ταῖς
1014 466 1118 534 παλά-

101 606 178 666 μαις
200 577 369 708 μιάσματα
391 575 560 647 άνέκθυτα
583 574 765 644 άποτελείυ.
806 598 832 641 ο.
852 576 902 640 10.
925 570 1021 642 Κατά
1042 576 1119 641 τοῦ·

97 712 157 754 του
181 686 243 754 τὸυ
268 684 372 771 λόγου
400 684 455 751 καὶ
484 686 522 751 αί
546 681 723 769 λεγόμεναι
745 679 949 769 Ἐριννύες
975 681 1115 769 γεγόνα-

97 811 169 878 σιν,
198 789 408 880 ἐρευνήτριαι
435 792 503 858 τῶν
526 786 789 876 ἁμαρτανόντων
813 780 928 874 οὖσαι,
957 791 1141 879 Μίναιραε

97 898 152 966 καί
181 895 346 983 Τισιφόνη
371 897 427 962 καλ
446 893 605 981 Ἀληκτύ,
635 891 775 982 ὡσπερεί
802 900 1021 982 μεγαίρουτος
1048 910 1120 976 τοῖς

96 1003 264 1082 τοιούτοις
290 1006 351 1070 τοῦ
379 1005 464 1071 θεοῦ
491 1002 546 1070 καὶ
573 996 777 1090 τιννυμόνου
804 1001 885 1083 τοὺς
914 1004 1117 1091 γινομένους

98 1108 155 1178 ὑπ’
182 1106 292 1177 αύτοόυ
320 1108 450 1196 φόνους
478 1109 533 1177 καὶ
557 1107 707 1196 άληκτως
735 1110 791 1177 καί
814 1107 990 1191 ἀπαύστως
1016 1114 1116 1179 τοῦτο

97 1221 285 1296 ποιοῦντος.
322 1216 453 1302 Σεμναὶ
474 1212 506 1282 δ’
524 1214 629 1296 ’όντως
652 1208 750 1284 αὗται
774 1220 810 1285 αἱ
831 1218 910 1285 θεαὶ
931 1218 986 1285 καλ
1010 1215 1119 1304 Εύμε·

96 1326 188 1404 νίδες
211 1317 302 1391 είσί·’
315 1322 399 1391 κατά
428 1321 492 1412 γάρ
521 1321 583 1411 τὴν
611 1327 659 1403 είς
684 1320 764 1403 τοὺς
792 1321 998 1412 ἀνθρώπους
1024 1321 1117 1412 εὐμέ-
1132 1349 1159 1389 ιο

96 1457 192 1498 νειαν
219 1434 278 1517 τῆς
304 1429 439 1516 φύσεως
469 1430 675 1498 διατέτακται
705 1430 762 1497 καὶ
791 1429 828 1498 τδ
858 1430 922 1518 τὴν
949 1436 1117 1519 πονηρίαν

95 1535 304 1618 κολάζεσθαι.
343 1535 524 1625 φρικάδεις
547 1535 585 1604 δὲ
607 1534 665 1616 τάς
689 1534 783 1618 όψεις
805 1540 936 1623 ἔχουσι,
959 1540 1040 1623 πυρὶ
1061 1541 1117 1606 καὶ

97 1641 227 1729 μάστιξι
254 1641 333 1724 τοὺς
355 1641 487 1730 ἀσεβεῖς
511 1642 693 1712 διώκουσαι
717 1642 772 1710 καὶ
796 1639 1040 1730 ὀφιοπλόκαμοι
1065 1652 1117 1711 λε-

96 1749 252 1835 γόμεναι,
281 1753 327 1840 τῷ
353 1749 513 1834 τοιαύτην
539 1762 610 1829 τοῖς
636 1762 751 1830 κακοῖς
778 1752 968 1836 φαντασίαν
996 1761 1117 1844 ποιεῖν,

97 1853 137 1935 άς
160 1850 204 1922 άν
226 1851 409 1922 άποτίνοισι
432 1853 552 1934 ποινάς
570 1853 646 1923 ἀντὶ
664 1860 732 1924 τῶν
751 1856 1048 1943 πλημμελημάτων.
1080 1859 1116 1926 ἐν
1131 1880 1157 1924 1⁵

88 1959 208 2029 ’Ἅιδου
236 1960 274 2028 δὲ
302 1963 407 2028 οίκεϊυ
433 1961 588 2047 λέγονται
617 1959 674 2030 διά
700 1960 738 2030 τὸ
767 1965 804 2031 ἐν
833 1961 960 2050 άσαφεῖ
982 1971 1116 2032 κεῖσθαι
1216 2049 1219 2057 ¹

96 2067 156 2147 τάς
178 2064 307 2135 τούτων
332 2071 440 2146 αἰκίας
458 2067 513 2134 καὶ
532 2065 744 2155 άπρόορατου
763 2071 965 2156 ἐφίστασθαι
984 2067 1047 2156 τὴν
1069 2075 1114 2138 τί-

98 2194 154 2242 σιν
176 2188 245 2254 τοιῖς
264 2171 378 2255 άξίοις.
418 2197 444 2242 ο.
466 2178 517 2241 11.
542 2170 752 2254 Ἀκολούδοις
772 2175 810 2243 δὲ
832 2175 964 2255 τούτοις
987 2176 1115 2261 λέγεται

97 2281 152 2349 καὶ
177 2279 228 2350 ότι

141 2403 238 2475 πάντ’
265 2407 371 2495 ἐφορᾷ
396 2402 494 2484 Διὸς
518 2402 696 2492 τ’φθαλμὸς
718 2407 774 2474 καλ
797 2404 894 2475 πάντ’
921 2407 1086 2490 ἐπακούει.
1130 2447 1158 2487 20

97 2553 167 2627 πῶς
189 2547 254 2636 γάρ
279 2542 353 2616 οἷόν
376 2546 413 2614 τί
434 2549 503 2618 ἐστι
525 2545 587 2635 τὴν
612 2545 668 2616 διὰ
686 2546 822 2616 πάντων
847 2546 1115 2635 διήκουσαυδύ-

169 2767 194 2814 3.
214 2755 376 2816 άνέκπλυτα
395 2764 410 2816 5
430 2757 708 2824 άνεκπλύτονςο-
729 2757 904 2817 ἐπιτελεινα
946 2782 950 2790 ·

168 2831 202 2886 X.
222 2837 247 2885 4.
263 2838 288 2886 5.
302 2828 453 2902 γεγόνασιν
469 2828 509 2901 ἐρ.
526 2832 677 2887 ΧΙιόο-
699 2839 723 2887 5.
736 2831 1016 2922 μόναιραῂαητιο.
1029 2829 1117 2888 61⁷6

99 2908 177 2957 -7.
196 2922 220 2959 τ.
234 2897 336 2972 ἢτιμω
355 2901 564 2972 ουμένουο-
584 2908 609 2958 9.
629 2895 715 2957 αδται
734 2922 822 2965 ουτως
839 2905 922 2958 δο-
939 2909 981 2957 12
1002 2901 1121 2992 ἔχουσαί

98 2973 170 3028 εἰσιν
193 2990 265 3028 ο-
288 2924 425 3099 πυρδὶ
392 2973 441 3026 καλ
463 2973 624 3043 πνρλο-
650 2979 690 3028 13.
719 2969 868 3042 όφιοπλοκ.
892 2975 976 3046 Εακμ
999 2971 1117 3044 όφεοπλ

100 3040 193 3100 XVa‘
209 3039 327 3114 όφεωπλ
379 3039 504 3131 δόφεως
517 3040 680 3133 πλοκάμους
694 3041 881 3133 ίχουοαιο-
898 3052 940 3101 14.
956 3049 1117 3133 φαντασίαν

98 3123 157 3178 τοις
175 3122 274 3178 κακοις
293 3116 381 3170 bc—
402 3120 443 3170 15.
462 3109 497 3178 δις
515 3108 552 3169 διν
571 3133 589 3171 a
607 3111 644 3179 ὡς
662 3111 699 3171 άν
698 3115 781 3207 (sic)
802 3110 924 3172 δνΝ
906 3137 944 3179 ως
962 3111 1000 3171 άν
1020 3115 1065 3171 Ge
1083 3145 1117 3156 —

98 3181 254 3242 άποτίυοισι
278 3186 311 3257 V
320 3176 355 3242 δυ
378 3181 532 3241 άποτίνασι
551 3204 619 3242 corr
638 3204 672 3242 ex
690 3182 849 3243 άποτόνωσι
869 3188 902 3241 Χ
918 3183 1072 3244 άποτίσοισι
1091 3184 1116 3242 α’

98 3257 218 3328 ΜΤ,-
234 3264 275 3313 15.
292 3227 333 3314 1¹6.
355 3254 386 3313 ἐν
405 3253 462 3329 αδ
479 3258 562 3313 bc-
578 3264 620 3314 16.
640 3252 1009 3385 άσαφει(α11οιαοιαιοΙ
1025 3275 1062 3314 er
1079 3258 1117 3327 V)

100 3297 268 3398 α’λῙδτάσφ
271 3277 462 3384 αλεῖΒΧ-
474 3335 516 3384 17.
536 3328 631 3392 αἰκίας
648 3332 728 3399 (corr.
743 3327 1118 3400 exal'vlachVoeltlac

99 3399 220 3454 Lbc—
237 3349 501 3468 ύφίστασδαιο-
523 3407 564 3456 17.
585 3405 627 3456 18.
646 3401 730 3472 τίσιν]
750 3404 914 3470 φοίτησιυο

171 3469 218 3527 XI
238 3477 280 3527 21.
301 3473 465 3527 διοίκουοαν
486 3472 515 3527 Ρ
531 3473 743 3528 διοικούοανυ
