2490 3848
97 212 157 261 XVI
411 191 574 247 CODIOUM
592 190 789 248 RECDNSUS.

185 344 235 403 23.
250 341 414 419 Leidensis,
429 343 502 403 olim
515 343 785 416 Mearmannianus,
802 345 863 403 103
881 336 998 422 (XVIII
1014 349 1055 408 67
1067 351 1097 407 Ε

95 430 191 489 XVII.
214 431 334 492 saeculi.
1047 503 1053 511 .

186 522 236 581 24.
254 519 486 581 Mediolanensis
509 519 727 579 Ambrosianus
746 521 771 578 Β
790 522 832 581 33
853 539 928 597 sup,
946 523 1011 583 XV.
1025 542 1101 584 saec.

94 607 182 669 valde
204 610 344 686 mutilus,
367 609 431 668 sine
453 608 656 685 inscriptione.

185 700 237 762 25.
260 696 436 759 Oxoniensis
459 697 853 758 Bodleianus·Baroccianus
874 701 929 775 72,
953 699 1017 759 XV.
1035 719 1106 762 saec.

95 785 212 846 Desinit
233 785 333 847 verbis
356 779 401 845 ὅτι
423 783 502 846 ἴδιον
524 780 567 864 (p.
592 788 644 863 22,
669 777 714 868 9).

185 877 235 934 26.
258 873 414 933 Parisinus
443 876 539 949 2551,
568 873 688 935 Osanno
716 875 810 936 Paris.
837 879 869 950 6,
897 875 962 938 XV.
990 877 1108 936 saeculi.

95 962 213 1024 Desinit
236 964 326 1023 verbo
350 959 491 1046 ἐνῆφθνιΔ
507 955 549 1044 (p.
574 965 627 1037 49,
653 957 719 1042 18).

185 1054 235 1112 27.
259 1050 415 1110 Parisinus
440 1053 540 1125 3078,
564 1049 682 1110 Osanno
705 1051 799 1110 Paris.
819 1055 849 1123 3,
872 1053 968 1112 XVII.
985 1053 1108 1131 saeculi,

94 1141 246 1199 variantes
276 1138 385 1199 codicis
414 1139 540 1199 alicuius
564 1155 583 1197 4
606 1137 768 1214 Sylburgio
799 1144 953 1215 excerptas
977 1143 1009 1201 in
1031 1144 1110 1201 hunc

95 1227 225 1287 codicem
259 1228 450 1302 transcripsit
482 1225 625 1286 Claudius
659 1226 831 1287 Salmasius.
891 1227 941 1285 Ad
976 1226 1110 1306 ἐνῆφθνι

94 1307 137 1394 (p.
160 1318 211 1389 49,
238 1308 293 1396 18)
318 1314 482 1375 Salmasius
504 1316 579 1375 haec
602 1314 773 1375 adnotavit:
811 1309 905 1385 ‘Quae
934 1319 1109 1395 sequuntur,

94 1403 218 1462 deerant
239 1403 271 1462 in
294 1404 460 1480 exemplari
481 1403 560 1464 unde
583 1405 656 1463 haec
686 1403 884 1479 exscripserat
907 1400 1109 1481 Sylburgius’.

93 1490 211 1552 Desinit
225 1495 326 1551 autem
339 1493 453 1553 verbis:
477 1485 698 1569 ‘dcovopoltewc
716 1485 743 1550 δ’
770 1485 828 1550 aa?
854 1483 895 1573 (p.
917 1495 967 1569 74,
989 1486 1045 1574 14)
1066 1488 1108 1554 ‘et

94 1581 136 1640 sic
157 1584 261 1641 manet
282 1582 475 1658 imperfectus
499 1581 548 1641 hio
566 1574 720 1658 Sylburg'.
761 1580 848 1639 Unde
871 1585 997 1657 apparet
1018 1583 1051 1640 in
1074 1602 1110 1642 ea

93 1671 230 1745 opusculi
253 1669 395 1730 Cornutei
417 1673 517 1746 parte,
541 1687 617 1745 quae
645 1669 726 1744 apud
752 1687 806 1729 nos
830 1672 877 1730 est
900 1690 928 1746 p.
950 1672 1001 1744 49,
1022 1673 1107 1730 13-

94 1778 123 1833 p.
149 1760 200 1832 74,
225 1760 276 1834 14,
299 1756 495 1834 Sylburgium
518 1758 648 1817 codicem
671 1757 803 1817 familiae
826 1752 858 1818 cd
882 1758 1063 1821 adhibuisse.

82 1870 85 1874 ⁴
182 1840 215 1927 β)
240 1846 268 1905 41
290 1846 418 1921 codices,
442 1847 494 1922 qui
515 1846 710 1923 inscriptione
729 1867 796 1908 cum
814 1841 845 1908 b'
863 1849 985 1908 faciunt.
1017 1850 1110 1909 Deest

92 1934 200 1995 ultima
223 1936 321 2011 operis
345 1953 415 2012 pars
438 1927 522 2016 (inde
545 1936 583 1994 ab
606 1931 816 2015 ἐπονομάζεται
838 1930 881 2015 (p.
906 1939 956 2012 74,
982 1932 1037 2016 14)
1059 1939 1109 1997 vel

95 2015 297 2104 (armoricanis
333 2015 419 2105 ibid.)
452 2025 484 2083 in
520 2024 567 2083 his
604 2026 754 2086 codicibus
792 2028 826 2085 ut
859 2026 892 2085 in
928 2026 1108 2086 editionibus

94 2111 206 2171 Aldina
225 2116 256 2172 et
274 2112 445 2187 Basileana3
470 2110 545 2172 Gale
567 2112 682 2189 primus
705 2114 822 2189 reliqua
845 2132 881 2172 ex
900 2112 929 2172 G
948 2115 1108 2190 supplevit.

184 2203 234 2260 23.
262 2201 305 2261 W
321 2226 363 2248 =
382 2201 623 2262 Vindobonensis
648 2203 727 2276 253,
756 2201 821 2261 XV.
844 2201 964 2261 saeculi.
1008 2201 1110 2261 Habet

94 2287 170 2347 illud
193 2307 372 2366 apospasma
395 2309 432 2350 ex
454 2291 546 2353 schol.
568 2289 741 2373 Homerico,
770 2288 850 2365 quod
873 2289 929 2348 sub
955 2291 973 2346 2
996 2289 1108 2349 videas.

93 2367 218 2456 (Variae
236 2378 378 2438 lectiones
396 2379 428 2438 in
449 2380 518 2439 hoc:
542 2375 617 2455 Περὶ
639 2380 726 2438 λιτῶν
749 2375 790 2437 ἔτι
813 2368 933 2459 (rubr).
957 2374 1049 2436 eldea.
1068 2408 1105 2418 -·-

92 2462 233 2545 κέκληκεν
259 2500 296 2509 -
321 2461 427 2541 ταύτας
449 2488 504 2544 pro
526 2461 649 2540 τούτους
670 2499 708 2509 -
729 2458 797 2542 [lb]
821 2455 1051 2543 προηδικηκόνες
1066 2496 1108 2508 -

94 2548 171 2632 [τὰς]
195 2550 304 2634 spec).
404 2625 406 2630 ,

183 2646 234 2704 23.
257 2643 411 2704 Parisinus
440 2646 542 2719 2860,
572 2643 691 2704 Osanno
719 2642 814 2701 Paris.
840 2646 872 2720 1,
899 2643 964 2702 XV.
989 2645 1108 2704 saeculi.

182 2734 233 2792 30.
254 2733 445 2793 Florentinus
460 2733 681 2792 Laurentianus
694 2732 775 2808 plut.
787 2732 827 2792 56
843 2732 906 2792 cod.
923 2735 973 2807 20,
987 2731 1107 2793 Osanno

93 2819 315 2882 Laurentianus
340 2824 368 2896 2,
391 2822 457 2882 XV.
480 2822 600 2882 saeculi.

182 2913 234 2971 31.
256 2910 457 2986 Monacensis,
486 2910 558 2970 olim
585 2908 798 2986 Augustanus,
826 2912 904 2987 536,
936 2909 1000 2969 XV.
1031 2925 1107 2966 saec.

129 3017 133 3026 ·
182 3000 234 3060 32.
256 2999 410 3058 Romanus
431 2997 615 3058 Barberinus
637 2998 668 3056 Π
693 3000 748 3073 42,
771 2998 852 3057 XVI.
877 3016 952 3059 saec.

181 3089 232 3147 33.
255 3087 419 3164 Leidensis,
434 3088 505 3147 olim
514 3087 783 3162 Meermannianus,
795 3089 859 3146 104
873 3078 991 3167 (XVIII
1002 3074 1107 3162 6717),

93 3175 188 3234 XVII.
211 3194 287 3236 4444.

182 3266 233 3336 34.
257 3264 457 3339 Monacensis,
481 3265 553 3324 olim
567 3264 775 3342 Augustauus,
794 3262 868 3334 567,
890 3258 972 3318 XVI.
987 3259 1107 3318 saeculi.

92 3351 211 3411 Desinit
232 3354 311 3412 teste
333 3352 542 3428 Eaubmanno,
568 3353 767 3414 bibliothecae
791 3350 831 3410 M.
854 3347 1018 3425 praefecto,
1047 3347 1108 3407 iam

92 3440 191 3500 verbis
214 3437 264 3500 καὶ
286 3436 398 3502 τούτων
422 3437 489 3524 (pro
512 3464 538 3502 a.
561 3433 684 3524 τούτου)
708 3432 751 3521 (p.
774 3442 825 3515 23,
851 3429 893 3518 5.)
