2490 3848
129 231 172 295 74
382 286 385 293 ,
522 230 747 285 ΚΟΡΝΟΤΤΟΤ

128 400 190 458 ρον
208 377 277 442 τῶν
294 377 494 459 τικτουσων,
518 368 567 441 ἐπ’
585 370 669 462 αὐτῇ
687 371 844 461 κειμένου
856 377 917 442 τοῦ
931 372 1144 444 εὐτοκεϊσθαι

126 478 167 548 τά
190 479 380 568 τικτόμενα,
408 476 491 548 κατὰ
518 483 633 567 τρίτην
662 479 700 548 δέ
727 480 893 569 φρικῶδές
914 507 947 549 τι
973 482 1028 549 καλ
1052 491 1145 570 χαλε-

127 584 193 655 πὸν
225 592 384 675 ἔχουσαν,
420 589 497 654 οἵαν
534 590 661 674 ἔφαμεν
694 589 770 675 περὶ
804 590 862 675 τής
889 585 1027 675 Ἑκάτης
1062 587 1145 657 ὑπό·

129 719 227 761 νοιαν
251 691 348 762 εἶναι.
1154 675 1165 704 ’

100 816 114 858 ⁶
195 824 221 868 ο.
245 803 297 869 35.
342 806 540 869 Τελευταλον
574 800 611 869 δέ
642 799 702 871 τὸν
735 801 917 891 δεχόμενον
942 800 1007 882 ’τὰς
1038 801 1146 890 ηνχδις

127 904 210 992 άέρα
224 903 378 993 Ἅιδην,
402 903 447 986 οδς
465 911 567 995 ἔφην,
591 907 648 976 διδι
671 907 709 977 τδ
728 907 840 990 ἀειδὲς
861 910 1146 998 προσηγόρευσαν.

128 1009 173 1098 μή
197 1012 414 1098 φαινομένων
438 1011 469 1081 δ’
493 1012 574 1101 ήμλν
601 1016 669 1082 τῶν
691 1011 758 1083 ὑπὸ
785 1018 866 1103 γήν,
894 1017 998 1084 έκελσε
1025 1027 1146 1102 χωρεῖν

128 1117 207 1197 τοὺς
230 1118 490 1198 διαλλάττοντας
512 1119 705 1206 διεβόησαν.
942 1136 945 1142 ’

195 1225 373 1314 Κλύμενος
405 1224 564 1311 δ”Αιδης
593 1226 723 1311 λέγεται
753 1229 799 1318 τῷ
832 1234 937 1306 αλτιος
968 1224 1056 1294 εἶναι
1085 1229 1147 1295 τοῦ

91 1330 257 1399 ῑῠκλόειν·
297 1330 361 1421 άήρ
398 1329 462 1418 γὰρ
496 1331 725 1418 πεπληγμένος
757 1328 779 1417 ή
814 1328 921 1416 φωνή.
980 1329 1147 1415 εὔβουλον

131 1435 168 1503 δὲ
195 1438 251 1504 καὶ
279 1433 444 1523 εὐβουλέα
470 1434 555 1509 κατὰ
582 1435 851 1522 άποδυσπέτησιν
880 1432 1060 1522 ὠνόμασαν
1088 1434 1148 1504 αὐ·

128 1540 190 1611 τὸν
213 1540 259 1624 ὦς
280 1549 389 1624 καλῶς
411 1544 486 1630 περὶ
508 1546 576 1612 των
599 1541 793 1631 ἀνθρώπων
816 1541 1066 1637 βουλευόμενον
1090 1541 1147 1609 διδι

128 1652 191 1717 τοῦ
213 1648 335 1718 παύειν
358 1647 482 1728 αὐτούς
503 1672 584 1717 ποτε
606 1651 676 1716 τῶν
697 1647 815 1716 πόνων
836 1648 893 1716 καλ
919 1650 988 1717 τῶν
1011 1653 1148 1736 φροντί-

131 1760 209 1824 δων.
252 1753 489 1841 ἐπονομάζεται
513 1753 550 1822 δὲ
573 1757 768 1834 έπιθετικοός
790 1756 845 1822 καὶ
867 1755 1072 1842 πολυδέκτης
1093 1755 1149 1822 καὶ

91 1874 117 1918 1⁵
130 1861 351 1947 πολυδέγμων
373 1861 429 1928 καὶ
451 1862 640 1950 πολύαρχος
662 1860 808 1940 πολλούς
829 1886 865 1929 τε
889 1858 1069 1949 δεχόμενος
1093 1861 1149 1929 καὶ

129 1972 198 2035 τῶν
218 1967 410 2055 λεγομένοιν
433 1965 601 2036 πλειόνων
624 1963 798 2054 ήπολλῶν
816 1966 938 2058 άρχων.
978 1967 1149 2057 πυλάρτην

131 2073 169 2142 δέ
192 2070 296 2142 αὐτὸν
320 2072 338 2142 ὁ
361 2073 500 2161 ποιητής
520 2071 793 2164 προσηγόρευσεν
816 2072 862 2155 ὡς
880 2072 1024 2162 ἀκριβῶς
1047 2071 1150 2161 ἡρμο-

130 2180 255 2266 σμένος
280 2179 340 2259 τδις
367 2180 475 2260 πύλας
501 2186 620 2268 ἔχοντα
643 2181 699 2249 καὶ
722 2182 851 2269 μηδένα
877 2177 1023 2248 άυιέντα.
1070 2176 1150 2247 ὅδὲ

130 2284 254 2373 Χάρων
279 2294 359 2366 ἴσως
381 2286 442 2375 μὲν
466 2285 537 2355 κατ’
564 2284 768 2376 άντίφρασιν
796 2288 831 2355 έκ
855 2290 917 2373 ’τῆς
938 2289 1043 2372 χαράς
1065 2282 1150 2352 οἰνο-

91 2402 118 2446 ²⁰
132 2391 261 2480 μάσθη·
292 2394 433 2462 δύναται
457 2393 495 2462 δέ
521 2394 578 2461 καὶ
605 2391 670 2462 άπὸ
698 2400 757 2462 τοῦ
780 2399 900 2480 χωρεῖν
929 2387 963 2478 [ή
989 2394 1050 2458 τοῦ
1072 2417 1150 2477 χαν-

132 2497 238 2583 δάνω]
262 2496 300 2568 τὸ
325 2504 448 2588 ἔτυμον
471 2505 559 2586 ἔχειν
588 2495 622 2586 [ή
646 2496 711 2567 άπὸ
739 2500 800 2567 τοῦ
822 2497 1021 2583 κεχηνέναι].
1068 2494 1085 2564 6
1114 2497 1151 2564 δέ

128 2599 272 2691 Ἀχέρων
299 2603 366 2674 άπὸ
400 2609 468 2674 τῶν
496 2605 685 2692 γινομένων
713 2603 766 2672 έπδ
788 2606 863 2694 τοῖς
884 2603 1152 2690 τετελευτηκόσιν

133 2708 224 2796 νἰχῶν
241 2708 397 2798 παρήχθη
422 2711 491 2797 [καὶ
509 2708 530 2797 ή
551 2708 747 2799 Ἀχερουσία
769 2714 894 2797 λίμνη].
935 2709 1085 2798 φανερὸν
1114 2709 1152 2777 δὲ

132 2815 242 2884 πόθεν
264 2813 362 2884 καὶ-ὁ
388 2814 549 2897 Κωκυτὸς
570 2817 625 2884 καλ
649 2813 667 2884 δ
692 2817 963 2906 Πυριφλεγέθων
990 2814 1052 2904 τήν
1074 2818 1151 2901 κλή-

172 2973 429 3111 6166‘66.zfiee
446 3059 506 3118 φυχ
507 3043 542 3111 δις
560 3050 653 3104 lbet.
668 3060 700 3118 φ.
715 3041 789 3103 ἅδον
808 3045 873 3118 PV,
894 3066 917 3100 τ
932 3057 964 3115 φ
983 3044 1038 3099 τῶν
1057 3047 1151 3098 τελευ-

133 3113 245 3172 τάντων
262 3118 392 3190 MVa-
412 3123 437 3175 8.
456 3115 555 3206 διιβόη
557 3086 954 3206 σοινάλῖέβόημανΙιδο-
975 3109 1061 3201 9.,[δ]
1080 3108 1153 3188 ᾅδης

137 3185 240 3242 Vb'-
265 3195 306 3244 11.
328 3158 468 3263 εὐβουλέα
485 3185 590 3277 (εόβολ.
613 3191 663 3261 W)
677 3187 718 3245 δό
740 3183 895 3260 εόβουλαία
912 3187 958 3241 Nl
980 3157 1152 3269 εόβουλαίαν

133 3255 251 3344 a'V,-
267 3268 308 3317 16.
327 3265 378 3317 πλε
381 3261 514 3332 οναςΝ
523 3257 597 3316 b'-
612 3267 655 3317 20.
673 3281 725 3316 του
732 3265 867 3348 χωρειν
857 3257 990 3327 Βαημ
958 3277 1007 3326 της
1021 3252 1153 3326 χωραςθ

132 3331 183 3385 τοῦ
203 3333 281 3418 χωρῶ
302 3331 385 3403 (χωρέ
387 3353 408 3386 ω
429 3332 488 3418 08.)
504 3301 547 3387 08.
568 3331 710 3387 Sohmoe-
728 3323 867 3415 ητοῦ]”
848 3348 911 3398 ητοι
933 3327 1030 3383 08-
1050 3334 1093 3385 20
1108 3335 1152 3384 21.

133 3399 266 3469 χανδάνω
286 3420 326 3459 αι·
343 3399 478 3490 χανδάιιω
496 3404 531 3457 Ν
551 3399 698 3491 χανδάκου
716 3402 751 3457 Ν
764 3396 842 3454 b'-
862 3405 905 3454 21.
930 3398 1083 3486 κεχηνέναι
1108 3399 1154 3454 08.

133 3471 222 3525 ed.-
241 3480 283 3528 23.
304 3471 440 3544 παρήχθη
459 3474 543 3544 Lanq
560 3471 709 3544 προσήχθη
728 3429 842 3525 fibo
812 3466 945 3540 προήχθη
963 3418 1024 3527 66V
