2490 3848
468 184 475 196 ³
518 246 718 303 ωΠΙΔΡοωΗ.
1082 244 1124 311 75

106 407 162 456 σιν
185 391 300 475 ἔσχον,
323 390 425 456 πάλαι
443 388 611 457 καιόντων
632 387 712 469 τοὸς
733 389 876 477 νεκροὺς
894 390 949 457 καὶ
972 387 1123 457 κωκυτὸν

106 494 308 583 ἐγειρόντων
334 497 403 563 τῶν
426 493 598 582 Ἑλλήνων
623 501 647 581 [,
671 494 727 564 διὰ
753 497 932 564 τοῦτοκαὶ
961 500 1125 584 δαίμονας

106 599 230 682 αότοὸς
252 598 317 670 ἀπὸ
341 606 403 670 τοῦ
426 607 612 670 κεκαῦσθαι
634 601 853 687 καλοόντων].
898 598 919 689 ἡ
944 598 975 669 δ’
1001 600 1125 692 άορνος

106 712 208 796 λίμνη
232 707 464 796 φυσικώτερον
483 716 564 787 ίσως
581 705 646 776 άπὸ
665 713 726 777 τοῦ
740 707 838 796 ἀέρος
851 707 1125 797 προσηγορεύθη·

106 818 216 882 καίτοι
238 813 294 881 καὶ
316 812 378 882 τὸν
402 813 524 882 σκότον
543 810 617 882 ἔσθ’
640 811 695 882 ὅτε
716 816 772 883 καὶ
792 813 854 902 τὴν
879 812 1020 902 ὸμίχλην
1043 810 1151 902 άέραο

107 923 143 987 οί
164 920 300 987 παλαιοὶ
324 918 483 1006 ἐκάλουν,
506 924 538 988 εί
555 917 599 1007 μη
618 913 666 1007 νη
681 925 751 987 Δία
770 918 877 1001 οὕτως
894 917 1124 1009 ἀπεχρήσαντο

105 1030 146 1114 τῇ
170 1029 230 1094 τοῦ
254 1023 352 1113 ἀέρος
369 1022 571 1114 ’γλαυκότητι
594 1023 640 1107 ῶς
661 1027 803 1095 καὶτῶν
826 1030 1017 1115 λεγομένων
1040 1043 1126 1112 φασ-

107 1137 236 1217 γανίων
271 1134 320 1200 οῘε
355 1134 516 1220 στέφουσι
553 1130 613 1201 τὸν
645 1131 842 1201 Πλούτωνα.
877 1132 1053 1218 ’στέφουσι
1088 1131 1126 1199 δὲ

107 1235 213 1306 αὐτὸν
240 1238 296 1306 καὶ
323 1235 472 1331 άδιάντφ
502 1237 587 1328 πρὸς
613 1236 806 1326 ὑπόμνησιν
832 1242 895 1309 τοῦ
924 1238 1125 1308 αόαίνεσθαι

106 1342 185 1424 τοὺς
207 1348 430 1424 τελευτῶντας
452 1346 508 1413 καὶ
531 1346 647 1432 μηκέτι
669 1349 708 1413 τὸ
732 1344 846 1433 διερὸν
870 1354 992 1432 ίσχειν,
1017 1346 1127 1434 στίρε-
1140 1364 1167 1405 1⁰

107 1460 191 1519 σθαι
219 1451 256 1519 δὲ
284 1455 342 1538 τῆς
368 1455 545 1539 παραιτίας
571 1453 632 1518 τοῦ
661 1454 878 1519 διαπνεῖσθαι
903 1452 960 1519 καὶ
984 1451 1126 1519 θάλλειν

107 1555 256 1644 ἰκμάδος.
308 1558 482 1640 [ἐντεῦθεν
510 1552 720 1642 ὸπονοητίον
748 1557 805 1623 καὶ
836 1554 916 1636 τοὺς
947 1554 1128 1643 ἀλίβαντας

107 1665 357 1748 μεμυθεῶσθαι·
394 1664 431 1730 ἐν
460 1659 581 1729 ’Ἅιδου
612 1663 677 1730 είσὶ
710 1659 766 1728 διά
802 1660 865 1748 τὴν
895 1665 954 1747 τῆς
989 1663 1128 1749 λιβάδος
1214 1729 1218 1736 ,

108 1765 291 1854 ἀμεθεξίαν
313 1770 382 1835 τῶν
400 1770 555 1854 νεκρῶν].
586 1772 716 1848 οἰκείως
735 1767 773 1837 δὲ
790 1781 861 1847 τοῖς
878 1768 1129 1855 κατοιχομένοις

108 1874 165 1941 καὶ
187 1871 204 1941 ὸ
224 1872 404 1961 νάρκισσος
424 1878 512 1960 ἔχειν
531 1860 625 1954 ἔδοξε
642 1873 778 1941 καὶτῶν
793 1871 978 1961 Ἐριννύων
997 1879 1127 1961 ε”φασαν
1142 1892 1168 1934 1⁵
1204 1874 1208 1878 ’

109 1977 213 2046 αὐτὸν
233 1979 435 2066 στεφάνωμα
452 1976 551 2066 εἶναι,
569 1979 876 2067 προσεδρεόσαντες
888 1985 929 2069 τῇ
943 1982 1128 2069 παραθέσει

108 2091 168 2173 τῆς
185 2085 311 2176 νάρκης
324 2086 380 2153 καὶ
394 2089 439 2179 τῶ
455 2079 530 2154 οἷον
546 2089 732 2173 διαναρκόιν
746 2084 825 2166 τοὺς
838 2083 1128 2173 ἀποθνήσκοντας.

176 2260 272 2331 Οῶτω
302 2260 333 2329 δ’
364 2257 407 2330 ἀν
434 2259 499 2349 ἤδη
528 2263 584 2330 καὶ
611 2256 715 2332 τάλλα
743 2267 812 2331 τῶν
844 2268 998 2351 μυθικῶς
1024 2289 1128 2353 παρα-

178 2427 203 2476 2.
218 2429 243 2477 3.
260 2418 321 2493 [διδι
336 2453 370 2462 —-
385 2417 564 2548 καλοόντωνὲ
575 2422 664 2478 Schm.
675 2453 708 2463 -
719 2429 812 2478 3.-17.
832 2417 863 2493 [ἡ
878 2417 907 2477 δ’
919 2417 1023 2493 ἀορνος
1032 2454 1065 2464 -
1079 2425 1129 2494 τῆς

108 2488 225 2564 νάρκης]
242 2510 304 2548 ο-
320 2499 345 2548 7.
360 2489 527 2563 χλανκότητι
563 2494 629 2549 ολιικ.
645 2489 814 2562 ἒχχότητιθ
833 2489 968 2563 ταχύτητι
986 2495 1033 2550 vel
1046 2490 1128 2566 ὸχρό-

108 2582 169 2632 τητι
181 2562 225 2619 Os.
236 2594 268 2603 —
282 2569 306 2617 7.
317 2569 342 2619 8.
353 2558 509 2633 φασγάνων
521 2565 549 2618 Ρ
561 2565 741 2634 σπαρχανίων
751 2565 798 2620 vel
807 2561 977 2634 σπαργάνων
987 2563 1129 2637 θηταῑάκε

108 2663 142 2672 -
158 2639 184 2688 8.
203 2631 245 2697 οἷς
263 2634 342 2704 στέφ.
357 2634 445 2691 Schm.
461 2631 528 2706 [οἷς]
544 2654 584 2690 στ.
601 2635 672 2689 0-
688 2641 712 2690 9.
727 2634 776 2690 καλ
790 2629 916 2689 άδιάντω
932 2631 997 2708 a'V,
1013 2637 1051 2708 τῷ
1066 2632 1129 2691 ἀδι-

108 2700 186 2775 άντφ
201 2704 231 2758 λδ
246 2735 282 2744 -
296 2701 483 2777 αόαίνεσθαι]
499 2701 570 2761 αόαι
587 2707 700 2762 litterae
714 2707 732 2760 i.
748 2707 766 2762 l.
781 2723 818 2761 er.
833 2705 863 2760 in
874 2689 905 2761 V
915 2700 1089 2763 ἀναίνεσθαι
1104 2708 1130 2763 G

110 2804 144 2813 -—
165 2779 206 2829 10.
225 2770 257 2828 τὸ
276 2771 373 2845 διερὸν
388 2775 475 2832 Selom.
497 2773 555 2849 [τὸ]
576 2780 600 2833 δ.
618 2777 690 2831 0-
711 2783 751 2832 11.
771 2780 958 2832 διαπνιῐσθαι
972 2776 1039 2850 a'V²
1059 2775 1129 2833 άνα-

108 2846 289 2911 καινίζεσθαι
303 2842 341 2900 λό’
361 2841 569 2902 ἀνακαινίσθαι
582 2848 616 2903 Ν
627 2878 661 2888 -
678 2844 814 2903 θάλλεσιν
827 2849 862 2902 Ν
878 2879 910 2889 -
932 2854 972 2905 12.
987 2845 1129 2974 WWMI·

108 2913 187 2987 τὲον]
203 2916 233 2971 lb
250 2947 283 2956 —
302 2912 389 2988 ([τὸν]
406 2914 442 2986 δ’)
461 2913 512 2972 τὸν
532 2913 700 2990 ἀλίβανταὸ
720 2950 754 2960 -
770 2925 811 2974 13.
832 2915 864 2974 ἐν
882 2913 956 2974 ῶδον
972 2939 985 2974 ε
999 2919 1025 2974 τὶ
1044 2916 1130 2988 (εἶναι

110 2986 159 3054 Μ)
179 2982 228 3041 διά
246 2983 298 3056 τὴν
316 3007 340 3042 τ.
360 2991 383 3042 λ.
401 2983 468 3059 αὛ,
495 2988 544 3043 καὶ
563 2990 599 3060 [ε.
618 2983 664 3045 άδ.
685 3009 706 3046 ε.
727 2985 787 3061 διά]
807 2986 860 3060 τὴν
878 3011 908 3047 τ.
919 2993 943 3046 λ.
962 2991 996 3045 N
997 2992 1007 3046 ί
1026 2989 1087 3061 [καὶ
1107 3009 1129 3044 ε.

108 3055 224 3129 uldel]
245 3052 295 3112 διὸ
314 3054 400 3130 ([διά]
419 3059 473 3130 Ν.)
491 3055 544 3128 τὴν
562 3080 584 3115 τ.
604 3064 628 3118 λ.
642 3061 676 3114 N
690 3056 715 3114 δ’
735 3091 770 3101 -
790 3067 831 3116 15.
850 3061 908 3116 τῶν
927 3056 1065 3130 ἐριννάων
1086 3059 1130 3116 08.

109 3124 161 3196 τὴν
181 3125 298 3198 ἐριννόα
316 3129 374 3184 τιΝ
390 3125 443 3198 τὴν
464 3125 578 3199 ἐριννόν
590 3131 619 3185 Β
639 3132 673 3202 [τ.
707 3127 864 3201 ἒριννῶνθ
883 3163 917 3172 -
938 3137 978 3187 16.
999 3127 1075 3202 αὐτῷ
1090 3127 1131 3186 ὸό

110 3229 143 3238 -
168 3217 284 3269 στεφαν.
309 3197 395 3272 εἶναι]
420 3202 643 3271 στεφανωθῆναι
672 3203 914 3272 (antecedentibus
940 3198 992 3271 τὴν
1016 3197 1131 3271 ίριννὸν

109 3263 200 3397 ιλιι
213 3269 883 3432 ‘ee-ezeeesseeeee31:53²?
899 3271 1130 3414 κλάσαι]

114 3408 148 3480 V²
165 3413 296 3479 μυθικῶν
310 3413 366 3468 PL
380 3414 511 3484 μυθικῶν
525 3409 563 3476 (ὸς
582 3414 640 3469 VN
655 3384 785 3486 μνθὸκῶς
799 3435 836 3478 ως
849 3415 891 3486 N²
907 3414 1039 3484 μυθικῶν
1053 3415 1101 3470 καλ
1115 3431 1131 3471 e

111 3482 244 3551 μυθικῶν
262 3485 312 3539 καλ
330 3484 460 3555 μυθικῶς
478 3485 613 3541 Villoison
