2490 3848
520 250 718 310 EmAPOMH.
1080 250 1124 314 45

110 397 198 476 σίας,
222 387 305 478 άπερ
324 385 497 477 άμφότερα
517 394 640 477 δαψιλῆ
660 389 742 459 κατὰ
756 390 819 478 τὴν
832 391 1006 462 θάλαττάν
1026 394 1124 462 ἐστιν.

109 495 331 583 ἐστοχάσαντο
345 496 382 564 δὲ
391 501 452 565 τοῦ
463 493 568 565 αὐτοῦ
582 498 637 564 καὶ
649 501 684 565 αι’
692 497 829 583 Λιοόνης
839 496 943 585 αὐτὴν
955 501 1124 585 θυγατέρα

110 603 259 682 εἰπόντες
282 601 381 671 εἶναι·
406 604 521 692 διερὸν
544 602 610 691 γάρ
633 601 670 672 τὸ
690 601 797 691 ὑχρόν
817 607 916 673 ἐστιν.
945 604 1123 692 Ἀφροδίτη

110 713 150 778 δέ
171 711 262 778 ἐστιν
285 707 305 795 ἡ
330 709 524 796 συνάγουσα
546 708 584 778 τὸ
603 708 780 797 ἄρρενκαὶ
803 710 840 778 τό
859 714 952 798 θῆλυ
971 709 1124 797 δυύαμις,

108 817 190 941 τάχα
223 815 280 882 διδι
310 813 347 883 τὸ
376 812 516 941 άφράδη
546 813 587 882 τά
618 818 786 912 σπέρματα
817 821 885 886 τῶν
919 819 1009 907 ζχόωυ
1038 815 1151 884 εἶναιο

109 920 234 1007 ταύτην
258 923 415 1048 ἐσχηκυῖα
434 919 495 1007 τὴν
514 919 741 1009 ὀνομασίαν”
721 950 759 1050 ⁷²²,
781 921 824 1003 ὡς
840 919 1061 1011 Εὐριπίδης’
1044 945 1124 989 υπο-

110 1040 198 1113 νοεῑ,
226 1024 282 1093 διὰ
309 1025 346 1094 τὸ
375 1054 454 1106 τους
480 1024 691 1115 ἡττωμένους
718 1025 821 1116 αὐτῆς
847 1028 1000 1117 ἄφρονας
1030 1027 1126 1097 εἶναι.

109 1137 266 1219 καλλίστη
291 1132 327 1200 δὲ
332 1135 527 1221 παράγεται
548 1133 655 1202 διὰ
622 1161 659 1202 το
679 1133 858 1223 μάλιστα’
841 1139 1038 1223 αρηρεκέναι
1057 1149 1126 1215 τοῖς

110 1237 305 1325 ἀνθρώποις
331 1236 393 1327 τὴν
419 1238 502 1307 κατά
531 1238 725 1328 συμπλοκὴν
754 1238 938 1328 ἡδουὴυ“
914 1269 960 1322 ως
988 1241 1125 1309 πάντων

108 1350 176 1414 τῶν
191 1344 304 1412 άλλων
324 1347 563 1432 διαφέρουσαν.
591 1348 718 1433 λέγεται
735 1346 771 1414 δὲ
784 1349 840 1414 καὶ
855 1346 1052 1435 φιλομειδὴς
1066 1347 1122 1416 διά
1139 1371 1164 1409 10

109 1455 221 1520 τοῦτο·
247 1456 354 1519 οίαεῖα
380 1450 443 1537 γάρ
466 1452 507 1520 τά
528 1452 727 1540 μειδιάματα
752 1454 807 1521 καὶ
830 1451 851 1540 ἡ
876 1453 1031 1541 ἱλαρότης
1057 1458 1125 1523 τῶν

109 1556 272 1626 τοιούτων
293 1557 451 1626 συνόδων
471 1561 548 1627 ε’στί.
588 1561 777 1646 παρέδρους
796 1559 833 1628 δὲ
851 1558 906 1627 καὶ
925 1559 1127 1646 σνμβοόμους

109 1662 168 1742 τὰς
182 1663 327 1749 Χάριτας
349 1669 414 1752 ἔχει
433 1663 496 1733 καί
511 1663 573 1750 τὴν
588 1663 706 1732 Πειθὼ
732 1665 788 1732 καὶ
806 1662 866 1734 τὸν
877 1662 1002 1753 Ἑρμῆν
1017 1662 1125 1732 διὰτὸ

109 1777 226 1836 πειθοῖ
247 1768 478 1856 προσάγεσθαι
501 1770 556 1837 καὶ
579 1769 668 1860 λόγῳ
691 1770 747 1837 καὶ
770 1769 882 1857 χόρτοι
904 1768 982 1850 τοὺς
1006 1771 1126 1857 ἐρωμέ-

109 1901 191 1955 νους
214 1870 235 1961 ἢ
260 1873 317 1942 διὰ
339 1873 376 1943 τὸ
400 1875 475 1962 περὶ
493 1874 552 1955 τάς
570 1881 753 1954 συνουσίας
775 1874 917 1961 άχωχόν.
954 1877 1126 1963 Κυθέρεια
1141 1899 1166 1940 15

111 1979 142 2047 δ’
169 1990 295 2068 εἴρηται
320 1981 376 2047 διὰ
399 1979 458 2059 τὰς
482 1982 517 2047 ἐκ
542 1984 610 2048 τῶν
638 1982 760 2067 μίξεων
787 1983 966 2067 γινομένας
992 1981 1126 2067 κυήσεις

110 2083 131 2173 ἢ
160 2085 216 2154 διά
244 2085 281 2155 τὸ
309 2087 495 2154 πεύθεσθαι
525 2083 565 2153 τά
595 2084 702 2154 πολλὰ
731 2085 787 2167 τὰς
818 2091 884 2155 τῶν
914 2084 1125 2175 ἀφροδισίων

111 2195 300 2280 ἐπιθυμίας.
337 2195 372 2261 ἐκ
395 2194 518 2260 τοάτου
541 2188 573 2258 δ’
594 2190 659 2279 ἤδη
682 2193 737 2259 καὶ
758 2191 831 2283 ίερδι
849 2197 908 2280 τῆς
929 2190 1126 2282 Ἀφροδίτης

110 2296 131 2385 ἡ
159 2302 226 2366 τῶν
255 2298 430 2385 Κυθήρων
458 2302 563 2385 νῆσος
590 2297 676 2367 εἶναι
705 2303 810 2385 δοκεῖ,
840 2298 923 2385 τάχα
953 2299 991 2367 δὲ
1019 2302 1074 2369 καὶ
1104 2298 1124 2387 ἡ

110 2402 265 2491 Κάπρος,
290 2404 484 2494 συνάδουσά
508 2427 578 2484 πως
600 2409 639 2493 τῇ
662 2405 782 2493 κρύψει
805 2404 887 2472 κατὰ
906 2404 1063 2493 τοῦνομα.
1103 2405 1166 2494 ἡν)

111 2511 148 2578 δὲ
166 2510 287 2597 Πάφος
310 2514 400 2578 ίδιον
424 2508 526 2597 αὐτῆς
549 2510 752 2596 οίκηιήριόν·
766 2513 849 2596 ἐστι,
872 2518 1010 2598 Παφίας
1032 2520 1124 2599 λεχα

110 2618 228 2702 μένης,
246 2615 330 2703 τάχα
348 2611 420 2683 κατ’
439 2621 586 2697 ἔλλειψιν
604 2613 669 2683 άπὸ
687 2621 747 2684 τοῦ
765 2614 977 2704 άπαφίσκειν,
996 2615 1015 2685 ό
1034 2620 1124 2688 ἐστιν

111 2720 254 2788 άπατάν·
282 2726 346 2807 ἔχει
374 2722 439 2811 γάρ
462 2720 545 2790 κατὰ
572 2722 634 2810 μὲν
658 2719 719 2790 τὸν
740 2719 899 2791 Ἡσίοδον
924 2725 933 2754 ‘
940 2723 1124 2811 μειδήματά

110 2825 139 2894 τ’
166 2827 326 2908 ἐξαπατάς
348 2829 406 2912 τέ,
429 2826 510 2895 κατὰ
535 2828 572 2896 δὲ
595 2828 657 2896 τὸν»
670 2825 818 2916 Ὅμηρον

108 3053 180 3124 πρὸς
199 3051 251 3124 τὴν
269 3055 320 3109 τοῦ
339 3051 471 3124 πάντας.
489 3056 550 3110 NL
568 3053 638 3125 πρὸς
656 3053 708 3126 τὴν
725 3077 776 3112 του
795 3055 926 3130 πάνταχ.
947 3058 1041 3115 αἰτίαν
1060 3078 1074 3116 α
1091 3091 1124 3101 -

112 3205 136 3252 1.
154 3193 384 3252 θάλασσανσ-
404 3203 428 3253 7.
447 3192 624 3285 ἡττωμένους
639 3199 688 3266 (Μ
692 3195 755 3288 ?)a
775 3195 986 3288 ἡττομενμυςΒ
1004 3155 1123 3291 ἡττημέ-

110 3287 178 3330 νους
197 3265 251 3321 V
227 3266 412 3356 ηττημὲνους
431 3269 515 3323 bc—
535 3273 559 3324 8.
578 3264 748 3359 άρηρειιεναι
766 3272 812 3343 Μ
826 3272 860 3343 Κ,
885 3267 1059 3362 άρηρηιιέναι
1081 3274 1121 3364 N

111 3332 403 3480 οιρἰδοίίῖίίιίΝέ
383 3335 608 3481 όὲῗληῖἴῖῗέό
622 3311 1072 3470 “3⁷²{3”⁶55‡a⁶20‘5v{⁰W&
1091 3313 1124 3471 ἶῗ
1220 3389 1222 3393 ’

108 3409 229 3534 Κόδρ-
250 3486 292 3535 23.
313 3479 425 3551 ἔχειΞ
443 3432 497 3552 γάρ
516 3477 587 3536 κατά
608 3479 661 3553 μὲν
679 3480 826 3551 Κέχει
797 3503 848 3552 μεν
867 3434 1012 3555 χάρμναιδι
1032 3436 1052 3542 δ
1074 3428 1096 3485 ψ
