<?xml version="1.0" encoding="UTF-8"?>
<!DOCTYPE html PUBLIC "-//W3C//DTD XHTML 1.0 Transitional//EN"
    "http://www.w3.org/TR/xhtml1/DTD/xhtml1-transitional.dtd">
<html xmlns="http://www.w3.org/1999/xhtml" xml:lang="en" lang="en">
 <head>
  <title>
</title>
<meta http-equiv="Content-Type" content="text/html;charset=utf-8" />
  <meta name='ocr-system' content='tesseract 3.04.00' />
  <meta name='ocr-capabilities' content='ocr_page ocr_carea ocr_par ocr_line ocrx_word'/>
</head>
<body>
  <div class='ocr_page' id='page_1' title='image "./cornvtitheologi00corngoog/cornvtitheologi00corngoog_0017.png"; bbox 0 0 2490 3848; ppageno 0'>
   <div class='ocr_carea' id='block_1_1' title="bbox 81 180 789 292">
    <p class='ocr_par' dir='ltr' id='par_1_1' title="bbox 81 180 789 292">
     <span class='ocr_line' id='line_1_1' title="bbox 81 180 789 292; baseline -0.008 -8"><span class='ocrx_word' id='word_1_1' title='bbox 81 215 145 292; x_wconf 73' lang='lat' dir='ltr'>&#39;m</span> <span class='ocrx_word' id='word_1_2' title='bbox 274 180 278 185; x_wconf 36' lang='lat'><strong><em>¹</em></strong></span> <span class='ocrx_word' id='word_1_3' title='bbox 409 220 573 278; x_wconf 79' lang='lat' dir='ltr'>conicum</span> <span class='ocrx_word' id='word_1_4' title='bbox 590 221 789 278; x_wconf 79' lang='lat' dir='ltr'>usonusus</span> 
     </span>
    </p>
   </div>
   <div class='ocr_carea' id='block_1_2' title="bbox 92 371 1113 1871">
    <p class='ocr_par' dir='ltr' id='par_1_2' title="bbox 92 371 1113 1871">
     <span class='ocr_line' id='line_1_2' title="bbox 96 371 1112 435; baseline 0.002 -2"><span class='ocrx_word' id='word_1_5' title='bbox 96 373 188 433; x_wconf 84' lang='lat' dir='ltr'>etiam</span> <span class='ocrx_word' id='word_1_6' title='bbox 210 371 293 433; x_wconf 90' lang='lat' dir='ltr'>XIII.</span> <span class='ocrx_word' id='word_1_7' title='bbox 318 390 394 434; x_wconf 86' lang='lat' dir='ltr'>saec.</span> <span class='ocrx_word' id='word_1_8' title='bbox 422 375 548 433; x_wconf 86' lang='lat' dir='ltr'>exeunte</span> <span class='ocrx_word' id='word_1_9' title='bbox 575 372 656 432; x_wconf 93' lang='lat' dir='ltr'>hunc</span> <span class='ocrx_word' id='word_1_10' title='bbox 683 371 813 432; x_wconf 80' lang='lat' dir='ltr'>codicem</span> <span class='ocrx_word' id='word_1_11' title='bbox 841 375 996 433; x_wconf 80' lang='lat' dir='ltr'>exaratum</span> <span class='ocrx_word' id='word_1_12' title='bbox 1024 374 1112 435; x_wconf 86' lang='lat' dir='ltr'>facile</span> 
     </span>
     <span class='ocr_line' id='line_1_3' title="bbox 95 454 1112 535; baseline 0.002 -15"><span class='ocrx_word' id='word_1_13' title='bbox 95 462 222 535; x_wconf 88' lang='lat' dir='ltr'>diceres,</span> <span class='ocrx_word' id='word_1_14' title='bbox 249 461 308 520; x_wconf 93' lang='lat' dir='ltr'>nisi</span> <span class='ocrx_word' id='word_1_15' title='bbox 330 461 451 520; x_wconf 89' lang='lat' dir='ltr'>Ioannis</span> <span class='ocrx_word' id='word_1_16' title='bbox 474 460 636 520; x_wconf 85' lang='lat' dir='ltr'>Pediasimi</span> <span class='ocrx_word' id='word_1_17' title='bbox 660 454 799 520; x_wconf 78' lang='lat' dir='ltr'>‘hominis</span> <span class='ocrx_word' id='word_1_18' title='bbox 823 463 857 520; x_wconf 91' lang='lat' dir='ltr'>ut</span> <span class='ocrx_word' id='word_1_19' title='bbox 879 462 977 520; x_wconf 87' lang='lat' dir='ltr'>fertur</span> <span class='ocrx_word' id='word_1_20' title='bbox 1000 464 1112 522; x_wconf 86' lang='lat' dir='ltr'>saeculi</span> 
     </span>
     <span class='ocr_line' id='line_1_4' title="bbox 95 542 1113 631; baseline 0 -23"><span class='ocrx_word' id='word_1_21' title='bbox 95 543 187 610; x_wconf 70' lang='lat' dir='ltr'>xlv?</span> <span class='ocrx_word' id='word_1_22' title='bbox 198 542 224 631; x_wconf 90' lang='lat'>¹)</span> <span class='ocrx_word' id='word_1_23' title='bbox 255 549 292 609; x_wconf 92' lang='lat' dir='ltr'>de</span> <span class='ocrx_word' id='word_1_24' title='bbox 315 549 470 609; x_wconf 79' lang='lat' dir='ltr'>duodecim</span> <span class='ocrx_word' id='word_1_25' title='bbox 493 548 632 608; x_wconf 92' lang='lat' dir='ltr'>Herculis</span> <span class='ocrx_word' id='word_1_26' title='bbox 655 549 809 608; x_wconf 71' lang='lat' dir='ltr'>laboribus</span> <span class='ocrx_word' id='word_1_27' title='bbox 832 550 996 610; x_wconf 85' lang='lat' dir='ltr'>tractatum</span> <span class='ocrx_word' id='word_1_28' title='bbox 1020 551 1113 611; x_wconf 90' lang='lat' dir='ltr'>conti-</span> 
     </span>
     <span class='ocr_line' id='line_1_5' title="bbox 94 636 1112 716; baseline 0 -18"><span class='ocrx_word' id='word_1_29' title='bbox 94 642 190 700; x_wconf 87' lang='lat' dir='ltr'>ncrct.</span> <span class='ocrx_word' id='word_1_30' title='bbox 237 637 337 700; x_wconf 76' lang='lat' dir='ltr'>Codex</span> <span class='ocrx_word' id='word_1_31' title='bbox 360 655 494 698; x_wconf 85' lang='lat' dir='ltr'>summae</span> <span class='ocrx_word' id='word_1_32' title='bbox 517 636 721 712; x_wconf 81' lang='lat' dir='ltr'>auetoritatis3</span> <span class='ocrx_word' id='word_1_33' title='bbox 748 656 820 696; x_wconf 83' lang='lat' dir='ltr'>nam</span> <span class='ocrx_word' id='word_1_34' title='bbox 846 641 882 697; x_wconf 92' lang='lat' dir='ltr'>ut</span> <span class='ocrx_word' id='word_1_35' title='bbox 903 639 1036 698; x_wconf 91' lang='lat' dir='ltr'>omnium</span> <span class='ocrx_word' id='word_1_36' title='bbox 1059 640 1112 716; x_wconf 91' lang='lat' dir='ltr'>qui</span> 
     </span>
     <span class='ocr_line' id='line_1_6' title="bbox 96 725 1111 804; baseline -0.002 -16"><span class='ocrx_word' id='word_1_37' title='bbox 96 731 200 788; x_wconf 84' lang='lat' dir='ltr'>extant</span> <span class='ocrx_word' id='word_1_38' title='bbox 228 726 354 788; x_wconf 76' lang='lat' dir='ltr'>Cornuti</span> <span class='ocrx_word' id='word_1_39' title='bbox 381 725 515 786; x_wconf 89' lang='lat' dir='ltr'>codicum</span> <span class='ocrx_word' id='word_1_40' title='bbox 545 726 772 802; x_wconf 86' lang='lat' dir='ltr'>antiquissimus</span> <span class='ocrx_word' id='word_1_41' title='bbox 804 726 936 804; x_wconf 85' lang='lat' dir='ltr'>videtur,</span> <span class='ocrx_word' id='word_1_42' title='bbox 968 728 1013 787; x_wconf 85' lang='lat' dir='ltr'>ita</span> <span class='ocrx_word' id='word_1_43' title='bbox 1044 747 1111 804; x_wconf 90' lang='lat' dir='ltr'>pcr-</span> 
     </span>
     <span class='ocr_line' id='line_1_7' title="bbox 93 814 1111 893; baseline 0 -17"><span class='ocrx_word' id='word_1_44' title='bbox 93 817 199 877; x_wconf 89' lang='lat' dir='ltr'>multis</span> <span class='ocrx_word' id='word_1_45' title='bbox 222 816 307 889; x_wconf 86' lang='lat' dir='ltr'>locis,</span> <span class='ocrx_word' id='word_1_46' title='bbox 330 814 383 874; x_wconf 85' lang='lat' dir='ltr'>ubi</span> <span class='ocrx_word' id='word_1_47' title='bbox 407 815 498 874; x_wconf 86' lang='lat' dir='ltr'>ceteri</span> <span class='ocrx_word' id='word_1_48' title='bbox 520 815 609 876; x_wconf 85' lang='lat' dir='ltr'>huius</span> <span class='ocrx_word' id='word_1_49' title='bbox 633 815 752 893; x_wconf 82' lang='lat' dir='ltr'>generis</span> <span class='ocrx_word' id='word_1_50' title='bbox 772 815 854 876; x_wconf 90' lang='lat' dir='ltr'>codd.</span> <span class='ocrx_word' id='word_1_51' title='bbox 873 818 911 876; x_wconf 88' lang='lat' dir='ltr'>ab</span> <span class='ocrx_word' id='word_1_52' title='bbox 926 835 946 876; x_wconf 86' lang='lat' dir='ltr'>u</span> <span class='ocrx_word' id='word_1_53' title='bbox 959 816 1111 893; x_wconf 88' lang='lat' dir='ltr'>differunt,</span> 
     </span>
     <span class='ocr_line' id='line_1_8' title="bbox 94 903 1113 982; baseline 0 -18"><span class='ocrx_word' id='word_1_54' title='bbox 94 906 143 965; x_wconf 91' lang='lat' dir='ltr'>hic</span> <span class='ocrx_word' id='word_1_55' title='bbox 166 924 233 964; x_wconf 90' lang='lat' dir='ltr'>oum</span> <span class='ocrx_word' id='word_1_56' title='bbox 255 904 309 963; x_wconf 90' lang='lat' dir='ltr'>illo</span> <span class='ocrx_word' id='word_1_57' title='bbox 332 921 443 979; x_wconf 79' lang='lat' dir='ltr'>genere</span> <span class='ocrx_word' id='word_1_58' title='bbox 465 903 623 964; x_wconf 86' lang='lat' dir='ltr'>consentit.</span> <span class='ocrx_word' id='word_1_59' title='bbox 663 904 692 964; x_wconf 80' lang='lat' dir='ltr'>A</span> <span class='ocrx_word' id='word_1_60' title='bbox 710 905 827 965; x_wconf 88' lang='lat' dir='ltr'>duabus</span> <span class='ocrx_word' id='word_1_61' title='bbox 846 923 918 965; x_wconf 82' lang='lat' dir='ltr'>vero</span> <span class='ocrx_word' id='word_1_62' title='bbox 940 907 1113 982; x_wconf 86' lang='lat' dir='ltr'>posteriori-</span> 
     </span>
     <span class='ocr_line' id='line_1_9' title="bbox 93 992 1112 1070; baseline 0.001 -17"><span class='ocrx_word' id='word_1_63' title='bbox 93 994 152 1053; x_wconf 87' lang='lat' dir='ltr'>bus</span> <span class='ocrx_word' id='word_1_64' title='bbox 166 992 314 1066; x_wconf 85' lang='lat' dir='ltr'>manibus,</span> <span class='ocrx_word' id='word_1_65' title='bbox 332 1009 459 1068; x_wconf 87' lang='lat' dir='ltr'>quarum</span> <span class='ocrx_word' id='word_1_66' title='bbox 477 1012 538 1052; x_wconf 88' lang='lat' dir='ltr'>una</span> <span class='ocrx_word' id='word_1_67' title='bbox 555 993 656 1070; x_wconf 91' lang='lat' dir='ltr'>minio,</span> <span class='ocrx_word' id='word_1_68' title='bbox 675 993 773 1052; x_wconf 87' lang='lat' dir='ltr'>altera</span> <span class='ocrx_word' id='word_1_69' title='bbox 791 995 959 1054; x_wconf 88' lang='lat' dir='ltr'>atramento</span> <span class='ocrx_word' id='word_1_70' title='bbox 981 1013 1038 1054; x_wconf 87' lang='lat' dir='ltr'>usa</span> <span class='ocrx_word' id='word_1_71' title='bbox 1056 997 1112 1070; x_wconf 88' lang='lat' dir='ltr'>cst,</span> 
     </span>
     <span class='ocr_line' id='line_1_10' title="bbox 94 1081 1113 1157; baseline 0.001 -17"><span class='ocrx_word' id='word_1_72' title='bbox 94 1082 184 1140; x_wconf 87' lang='lat' dir='ltr'>multi</span> <span class='ocrx_word' id='word_1_73' title='bbox 214 1081 272 1141; x_wconf 90' lang='lat' dir='ltr'>loci</span> <span class='ocrx_word' id='word_1_74' title='bbox 304 1083 374 1140; x_wconf 87' lang='lat' dir='ltr'>sunt</span> <span class='ocrx_word' id='word_1_75' title='bbox 406 1082 532 1141; x_wconf 88' lang='lat' dir='ltr'>correcti</span> <span class='ocrx_word' id='word_1_76' title='bbox 563 1081 612 1141; x_wconf 85' lang='lat' dir='ltr'>vel</span> <span class='ocrx_word' id='word_1_77' title='bbox 642 1082 743 1157; x_wconf 84' lang='lat' dir='ltr'>potius</span> <span class='ocrx_word' id='word_1_78' title='bbox 773 1081 805 1139; x_wconf 92' lang='lat' dir='ltr'>in</span> <span class='ocrx_word' id='word_1_79' title='bbox 834 1081 967 1142; x_wconf 87' lang='lat' dir='ltr'>deterius</span> <span class='ocrx_word' id='word_1_80' title='bbox 1001 1082 1113 1143; x_wconf 83' lang='lat' dir='ltr'>mutati</span> 
     </span>
     <span class='ocr_line' id='line_1_11' title="bbox 95 1169 1113 1247; baseline 0.001 -18"><span class='ocrx_word' id='word_1_81' title='bbox 95 1170 289 1246; x_wconf 85' lang='lat' dir='ltr'>apprimeque</span> <span class='ocrx_word' id='word_1_82' title='bbox 312 1170 445 1229; x_wconf 87' lang='lat' dir='ltr'>notabile</span> <span class='ocrx_word' id='word_1_83' title='bbox 469 1173 516 1229; x_wconf 89' lang='lat' dir='ltr'>est</span> <span class='ocrx_word' id='word_1_84' title='bbox 538 1169 651 1229; x_wconf 87' lang='lat' dir='ltr'>talibus</span> <span class='ocrx_word' id='word_1_85' title='bbox 674 1170 747 1229; x_wconf 87' lang='lat' dir='ltr'>locis</span> <span class='ocrx_word' id='word_1_86' title='bbox 770 1169 813 1247; x_wconf 82' lang='lat' dir='ltr'>N1</span> <span class='ocrx_word' id='word_1_87' title='bbox 837 1171 892 1228; x_wconf 88' lang='lat' dir='ltr'>aut</span> <span class='ocrx_word' id='word_1_88' title='bbox 914 1189 982 1230; x_wconf 93' lang='lat' dir='ltr'>cum</span> <span class='ocrx_word' id='word_1_89' title='bbox 1004 1191 1024 1231; x_wconf 89' lang='grc' dir='ltr'><strong><em>ω</em></strong></span> <span class='ocrx_word' id='word_1_90' title='bbox 1046 1191 1113 1232; x_wconf 90' lang='lat' dir='ltr'>con-</span> 
     </span>
     <span class='ocr_line' id='line_1_12' title="bbox 93 1258 1110 1335; baseline 0.001 -18"><span class='ocrx_word' id='word_1_91' title='bbox 93 1259 192 1317; x_wconf 90' lang='lat' dir='ltr'>cinere</span> <span class='ocrx_word' id='word_1_92' title='bbox 206 1260 260 1316; x_wconf 90' lang='lat' dir='ltr'>aut</span> <span class='ocrx_word' id='word_1_93' title='bbox 273 1277 363 1334; x_wconf 90' lang='lat' dir='ltr'>quam</span> <span class='ocrx_word' id='word_1_94' title='bbox 376 1260 509 1334; x_wconf 82' lang='lat' dir='ltr'>proximo</span> <span class='ocrx_word' id='word_1_95' title='bbox 524 1259 563 1317; x_wconf 90' lang='lat' dir='ltr'>ad</span> <span class='ocrx_word' id='word_1_96' title='bbox 577 1259 640 1317; x_wconf 89' lang='lat' dir='ltr'>eius</span> <span class='ocrx_word' id='word_1_97' title='bbox 655 1258 775 1335; x_wconf 83' lang='lat' dir='ltr'>generis</span> <span class='ocrx_word' id='word_1_98' title='bbox 789 1258 948 1317; x_wconf 86' lang='lat' dir='ltr'>lectionem</span> <span class='ocrx_word' id='word_1_99' title='bbox 962 1260 1110 1334; x_wconf 85' lang='lat' dir='ltr'>accedere,</span> 
     </span>
     <span class='ocr_line' id='line_1_13' title="bbox 94 1347 1112 1425; baseline 0 -19"><span class='ocrx_word' id='word_1_100' title='bbox 94 1347 138 1425; x_wconf 76' lang='lat' dir='ltr'>Ns</span> <span class='ocrx_word' id='word_1_101' title='bbox 164 1377 203 1388; x_wconf 91' lang='lat'>—·</span> <span class='ocrx_word' id='word_1_102' title='bbox 228 1347 247 1406; x_wconf 95' lang='lat' dir='ltr'>i.</span> <span class='ocrx_word' id='word_1_103' title='bbox 272 1366 297 1406; x_wconf 91' lang='lat' dir='ltr'>e.</span> <span class='ocrx_word' id='word_1_104' title='bbox 321 1347 356 1407; x_wconf 91' lang='lat' dir='ltr'><strong><em>N</em></strong></span> <span class='ocrx_word' id='word_1_105' title='bbox 375 1350 542 1407; x_wconf 89' lang='lat' dir='ltr'>correctum</span> <span class='ocrx_word' id='word_1_106' title='bbox 565 1348 603 1406; x_wconf 87' lang='lat' dir='ltr'>ab</span> <span class='ocrx_word' id='word_1_107' title='bbox 626 1348 774 1406; x_wconf 84' lang='lat' dir='ltr'>alterutra</span> <span class='ocrx_word' id='word_1_108' title='bbox 796 1347 1010 1421; x_wconf 72' lang='lat' dir='ltr'>posteriorum,</span> <span class='ocrx_word' id='word_1_109' title='bbox 1037 1365 1112 1423; x_wconf 87' lang='lat' dir='ltr'>quas</span> 
     </span>
     <span class='ocr_line' id='line_1_14' title="bbox 93 1434 1110 1514; baseline 0.003 -21"><span class='ocrx_word' id='word_1_110' title='bbox 93 1434 236 1514; x_wconf 83' lang='lat' dir='ltr'>diximus,</span> <span class='ocrx_word' id='word_1_111' title='bbox 250 1455 394 1495; x_wconf 90' lang='lat' dir='ltr'>manuum</span> <span class='ocrx_word' id='word_1_112' title='bbox 412 1467 449 1480; x_wconf 87' lang='lat'>-</span> <span class='ocrx_word' id='word_1_113' title='bbox 466 1455 534 1495; x_wconf 90' lang='lat' dir='ltr'>cum</span> <span class='ocrx_word' id='word_1_114' title='bbox 548 1435 654 1495; x_wconf 82' lang='lat' dir='ltr'>ceteris</span> <span class='ocrx_word' id='word_1_115' title='bbox 668 1437 685 1494; x_wconf 86' lang='lat' dir='ltr'><strong><em>b</em></strong></span> <span class='ocrx_word' id='word_1_116' title='bbox 700 1435 819 1512; x_wconf 86' lang='lat' dir='ltr'>generis</span> <span class='ocrx_word' id='word_1_117' title='bbox 839 1434 922 1494; x_wconf 92' lang='lat' dir='ltr'>codd.</span> <span class='ocrx_word' id='word_1_118' title='bbox 937 1454 1110 1512; x_wconf 82' lang='lat' dir='ltr'>congruere.</span> 
     </span>
     <span class='ocr_line' id='line_1_15' title="bbox 94 1522 1111 1601; baseline 0.001 -19"><span class='ocrx_word' id='word_1_119' title='bbox 94 1523 159 1594; x_wconf 82' lang='lat' dir='ltr'>Quo</span> <span class='ocrx_word' id='word_1_120' title='bbox 191 1523 239 1598; x_wconf 90' lang='lat' dir='ltr'>fit,</span> <span class='ocrx_word' id='word_1_121' title='bbox 270 1526 318 1600; x_wconf 92' lang='lat' dir='ltr'>ut,</span> <span class='ocrx_word' id='word_1_122' title='bbox 354 1526 523 1601; x_wconf 85' lang='lat' dir='ltr'>ubicunque</span> <span class='ocrx_word' id='word_1_123' title='bbox 551 1543 571 1583; x_wconf 89' lang='grc' dir='ltr'><strong><em>ω</em></strong></span> <span class='ocrx_word' id='word_1_124' title='bbox 598 1526 629 1583; x_wconf 91' lang='lat' dir='ltr'>et</span> <span class='ocrx_word' id='word_1_125' title='bbox 659 1524 696 1583; x_wconf 88' lang='lat' dir='ltr'><strong><em>N</em></strong></span> <span class='ocrx_word' id='word_1_126' title='bbox 722 1522 924 1597; x_wconf 88' lang='lat' dir='ltr'>consentiunt,</span> <span class='ocrx_word' id='word_1_127' title='bbox 961 1543 996 1583; x_wconf 89' lang='lat' dir='ltr'>ea</span> <span class='ocrx_word' id='word_1_128' title='bbox 1022 1525 1111 1584; x_wconf 91' lang='lat' dir='ltr'>lectio</span> 
     </span>
     <span class='ocr_line' id='line_1_16' title="bbox 94 1611 1113 1689; baseline -0.001 -16"><span class='ocrx_word' id='word_1_129' title='bbox 94 1613 261 1689; x_wconf 83' lang='lat' dir='ltr'>antiquitus</span> <span class='ocrx_word' id='word_1_130' title='bbox 284 1614 398 1673; x_wconf 89' lang='lat' dir='ltr'>tradita</span> <span class='ocrx_word' id='word_1_131' title='bbox 421 1613 568 1674; x_wconf 87' lang='lat' dir='ltr'>credenda</span> <span class='ocrx_word' id='word_1_132' title='bbox 591 1613 639 1672; x_wconf 86' lang='lat' dir='ltr'>sit.</span> <span class='ocrx_word' id='word_1_133' title='bbox 681 1611 804 1672; x_wconf 80' lang='lat' dir='ltr'>Glossas</span> <span class='ocrx_word' id='word_1_134' title='bbox 828 1614 859 1670; x_wconf 89' lang='lat' dir='ltr'>et</span> <span class='ocrx_word' id='word_1_135' title='bbox 882 1613 995 1672; x_wconf 88' lang='lat' dir='ltr'>scholia</span> <span class='ocrx_word' id='word_1_136' title='bbox 1017 1613 1113 1672; x_wconf 83' lang='lat' dir='ltr'>latina</span> 
     </span>
     <span class='ocr_line' id='line_1_17' title="bbox 92 1700 1112 1778; baseline 0.001 -17"><span class='ocrx_word' id='word_1_137' title='bbox 92 1703 205 1778; x_wconf 88' lang='lat' dir='ltr'>partim</span> <span class='ocrx_word' id='word_1_138' title='bbox 238 1702 419 1778; x_wconf 83' lang='lat' dir='ltr'>marginalia</span> <span class='ocrx_word' id='word_1_139' title='bbox 445 1700 558 1776; x_wconf 90' lang='lat' dir='ltr'>partim</span> <span class='ocrx_word' id='word_1_140' title='bbox 587 1701 792 1760; x_wconf 74' lang='lat' dir='ltr'>interlinearis</span> <span class='ocrx_word' id='word_1_141' title='bbox 822 1702 936 1778; x_wconf 84' lang='lat' dir='ltr'>passim</span> <span class='ocrx_word' id='word_1_142' title='bbox 966 1701 1112 1762; x_wconf 85' lang='lat' dir='ltr'>invenias.</span> 
     </span>
     <span class='ocr_line' id='line_1_18' title="bbox 92 1784 1110 1871; baseline 0 -22"><span class='ocrx_word' id='word_1_143' title='bbox 92 1790 203 1849; x_wconf 88' lang='lat' dir='ltr'>Insunt</span> <span class='ocrx_word' id='word_1_144' title='bbox 221 1792 336 1849; x_wconf 88' lang='lat' dir='ltr'>autem:</span> <span class='ocrx_word' id='word_1_145' title='bbox 362 1784 395 1867; x_wconf 89' lang='lat'>1)</span> <span class='ocrx_word' id='word_1_146' title='bbox 414 1790 466 1849; x_wconf 87' lang='lat' dir='ltr'>fol.</span> <span class='ocrx_word' id='word_1_147' title='bbox 483 1790 588 1849; x_wconf 83' lang='lat'>1-52</span> <span class='ocrx_word' id='word_1_148' title='bbox 604 1809 632 1849; x_wconf 83' lang='lat' dir='ltr'>v.</span> <span class='ocrx_word' id='word_1_149' title='bbox 648 1788 750 1862; x_wconf 83' lang='lat' dir='ltr'>Oorn.;</span> <span class='ocrx_word' id='word_1_150' title='bbox 770 1784 803 1871; x_wconf 82' lang='lat'>2)</span> <span class='ocrx_word' id='word_1_151' title='bbox 818 1792 869 1852; x_wconf 86' lang='lat' dir='ltr'>fol.</span> <span class='ocrx_word' id='word_1_152' title='bbox 881 1792 921 1850; x_wconf 83' lang='lat'>52</span> <span class='ocrx_word' id='word_1_153' title='bbox 936 1811 964 1852; x_wconf 83' lang='lat' dir='ltr'>v.</span> <span class='ocrx_word' id='word_1_154' title='bbox 976 1822 1017 1832; x_wconf 88' lang='lat'>—</span> <span class='ocrx_word' id='word_1_155' title='bbox 1031 1793 1072 1850; x_wconf 89' lang='grc'>60</span> <span class='ocrx_word' id='word_1_156' title='bbox 1081 1810 1110 1850; x_wconf 83' lang='lat' dir='ltr'>v.</span> 
     </span>
    </p>
   </div>
   <div class='ocr_carea' id='block_1_3' title="bbox 91 1872 1112 3396">
    <p class='ocr_par' dir='ltr' id='par_1_3' title="bbox 91 1872 1112 2595">
     <span class='ocr_line' id='line_1_19' title="bbox 93 1872 1110 1977; baseline 0 -23"><span class='ocrx_word' id='word_1_157' title='bbox 93 1889 155 1955; x_wconf 72' lang='lat' dir='ltr'>‘cd</span> <span class='ocrx_word' id='word_1_158' title='bbox 191 1894 296 1974; x_wconf 83' lang='grc' dir='ltr'><strong><em>στίχων</em></strong></span> <span class='ocrx_word' id='word_1_159' title='bbox 329 1894 360 1956; x_wconf 84' lang='lat' dir='ltr'>cl</span> <span class='ocrx_word' id='word_1_160' title='bbox 388 1872 423 1973; x_wconf 52' lang='grc' dir='ltr'><em>ᾧ</em></span> <span class='ocrx_word' id='word_1_161' title='bbox 447 1889 536 1976; x_wconf 73' lang='lat' dir='ltr'>dyona</span> <span class='ocrx_word' id='word_1_162' title='bbox 564 1888 637 1977; x_wconf 88' lang='lat' dir='ltr'>(sic)</span> <span class='ocrx_word' id='word_1_163' title='bbox 664 1898 716 1956; x_wconf 80' lang='grc' dir='ltr'>τοῦ</span> <span class='ocrx_word' id='word_1_164' title='bbox 743 1887 932 1976; x_wconf 76' lang='grc' dir='ltr'><strong><em>ἡρωκλὲονς’;</em></strong></span> <span class='ocrx_word' id='word_1_165' title='bbox 957 1891 1044 1977; x_wconf 84' lang='lat' dir='ltr'>(haec</span> <span class='ocrx_word' id='word_1_166' title='bbox 1067 1897 1110 1954; x_wconf 93' lang='lat' dir='ltr'>in-</span> 
     </span>
     <span class='ocr_line' id='line_1_20' title="bbox 93 1984 1109 2063; baseline -0.003 -18"><span class='ocrx_word' id='word_1_167' title='bbox 93 1984 216 2061; x_wconf 80' lang='lat' dir='ltr'>scriptio</span> <span class='ocrx_word' id='word_1_168' title='bbox 243 1984 312 2043; x_wconf 90' lang='lat' dir='ltr'>inde</span> <span class='ocrx_word' id='word_1_169' title='bbox 339 1985 462 2060; x_wconf 87' lang='lat' dir='ltr'>pendet,</span> <span class='ocrx_word' id='word_1_170' title='bbox 496 1986 576 2061; x_wconf 90' lang='lat' dir='ltr'>quod</span> <span class='ocrx_word' id='word_1_171' title='bbox 603 1989 752 2045; x_wconf 85' lang='lat' dir='ltr'>tractatus</span> <span class='ocrx_word' id='word_1_172' title='bbox 780 2006 799 2045; x_wconf 89' lang='lat' dir='ltr'>a</span> <span class='ocrx_word' id='word_1_173' title='bbox 826 1989 942 2063; x_wconf 88' lang='lat' dir='ltr'>septem</span> <span class='ocrx_word' id='word_1_174' title='bbox 973 1984 1109 2046; x_wconf 87' lang='lat' dir='ltr'>versibus</span> 
     </span>
     <span class='ocr_line' id='line_1_21' title="bbox 91 2065 1111 2154; baseline -0.001 -21"><span class='ocrx_word' id='word_1_175' title='bbox 91 2074 222 2150; x_wconf 87' lang='lat' dir='ltr'>politicis</span> <span class='ocrx_word' id='word_1_176' title='bbox 237 2065 381 2153; x_wconf 84' lang='lat' dir='ltr'>orditur);</span> <span class='ocrx_word' id='word_1_177' title='bbox 407 2065 442 2154; x_wconf 85' lang='lat'>3)</span> <span class='ocrx_word' id='word_1_178' title='bbox 462 2073 512 2132; x_wconf 85' lang='lat' dir='ltr'>fol.</span> <span class='ocrx_word' id='word_1_179' title='bbox 539 2076 580 2133; x_wconf 91' lang='grc'>60</span> <span class='ocrx_word' id='word_1_180' title='bbox 603 2095 631 2134; x_wconf 89' lang='lat' dir='ltr'>v.</span> <span class='ocrx_word' id='word_1_181' title='bbox 647 2106 689 2115; x_wconf 90' lang='lat'><em>—</em></span> <span class='ocrx_word' id='word_1_182' title='bbox 704 2076 747 2133; x_wconf 87' lang='lat'>88</span> <span class='ocrx_word' id='word_1_183' title='bbox 769 2095 798 2134; x_wconf 82' lang='lat' dir='ltr'>v.</span> <span class='ocrx_word' id='word_1_184' title='bbox 822 2068 1020 2151; x_wconf 78' lang='grc' dir='ltr'><strong><em>Παλαιφίτον</em></strong></span> <span class='ocrx_word' id='word_1_185' title='bbox 1042 2069 1111 2152; x_wconf 75' lang='grc' dir='ltr'><strong><em>περὶ</em></strong></span> 
     </span>
     <span class='ocr_line' id='line_1_22' title="bbox 92 2154 1109 2241; baseline -0.002 -19"><span class='ocrx_word' id='word_1_186' title='bbox 92 2164 151 2222; x_wconf 81' lang='grc' dir='ltr'>τῶν</span> <span class='ocrx_word' id='word_1_187' title='bbox 183 2154 313 2220; x_wconf 80' lang='grc' dir='ltr'><strong><em>ἀπίστων</em></strong></span> <span class='ocrx_word' id='word_1_188' title='bbox 345 2159 493 2240; x_wconf 67' lang='lat' dir='ltr'>insomnis,</span> <span class='ocrx_word' id='word_1_189' title='bbox 531 2155 565 2241; x_wconf 86' lang='lat'>4)</span> <span class='ocrx_word' id='word_1_190' title='bbox 590 2162 640 2221; x_wconf 87' lang='lat' dir='ltr'>fol.</span> <span class='ocrx_word' id='word_1_191' title='bbox 669 2164 710 2221; x_wconf 89' lang='lat'>89</span> <span class='ocrx_word' id='word_1_192' title='bbox 731 2182 755 2221; x_wconf 90' lang='lat' dir='ltr'>r.</span> <span class='ocrx_word' id='word_1_193' title='bbox 776 2193 814 2203; x_wconf 92' lang='lat'>-</span> <span class='ocrx_word' id='word_1_194' title='bbox 838 2164 879 2221; x_wconf 85' lang='grc'>98</span> <span class='ocrx_word' id='word_1_195' title='bbox 904 2182 933 2223; x_wconf 88' lang='lat' dir='ltr'>v.</span> <span class='ocrx_word' id='word_1_196' title='bbox 960 2164 1109 2220; x_wconf 87' lang='lat' dir='ltr'>tractatus</span> 
     </span>
     <span class='ocr_line' id='line_1_23' title="bbox 93 2241 1112 2331; baseline 0 -23"><span class='ocrx_word' id='word_1_197' title='bbox 93 2250 129 2308; x_wconf 92' lang='lat' dir='ltr'>de</span> <span class='ocrx_word' id='word_1_198' title='bbox 153 2248 304 2309; x_wconf 88' lang='lat' dir='ltr'>comoedia</span> <span class='ocrx_word' id='word_1_199' title='bbox 333 2241 447 2331; x_wconf 86' lang='lat' dir='ltr'>(prima</span> <span class='ocrx_word' id='word_1_200' title='bbox 467 2250 561 2310; x_wconf 82' lang='lat' dir='ltr'>verba</span> <span class='ocrx_word' id='word_1_201' title='bbox 588 2250 662 2309; x_wconf 90' lang='lat' dir='ltr'>haec</span> <span class='ocrx_word' id='word_1_202' title='bbox 689 2253 771 2309; x_wconf 89' lang='lat' dir='ltr'>sunt:</span> <span class='ocrx_word' id='word_1_203' title='bbox 799 2249 952 2326; x_wconf 75' lang='lat' dir='ltr'>rapadion</span> <span class='ocrx_word' id='word_1_204' title='bbox 978 2245 1112 2328; x_wconf 75' lang='grc' dir='ltr'><strong><em>λέγονται</em></strong></span> 
     </span>
     <span class='ocr_line' id='line_1_24' title="bbox 92 2329 1108 2416; baseline -0.001 -19"><span class='ocrx_word' id='word_1_205' title='bbox 92 2331 127 2397; x_wconf 80' lang='grc' dir='ltr'>τὰ</span> <span class='ocrx_word' id='word_1_206' title='bbox 154 2339 212 2398; x_wconf 80' lang='grc' dir='ltr'>τῶν</span> <span class='ocrx_word' id='word_1_207' title='bbox 239 2340 379 2416; x_wconf 80' lang='grc' dir='ltr'><strong><em>κωμικῶν</em></strong></span> <span class='ocrx_word' id='word_1_208' title='bbox 405 2331 555 2416; x_wconf 79' lang='grc' dir='ltr'><strong><em>ποιήματα</em></strong></span> <span class='ocrx_word' id='word_1_209' title='bbox 585 2329 624 2409; x_wconf 79' lang='grc' dir='ltr'>ὥς</span> <span class='ocrx_word' id='word_1_210' title='bbox 651 2331 686 2396; x_wconf 78' lang='grc' dir='ltr'>τὰ</span> <span class='ocrx_word' id='word_1_211' title='bbox 718 2331 938 2416; x_wconf 81' lang='grc' dir='ltr'><strong><em>ἆριστοφνίνους</em></strong></span> <span class='ocrx_word' id='word_1_212' title='bbox 969 2337 1108 2414; x_wconf 81' lang='grc' dir='ltr'><strong><em>κρατίνοω</em></strong></span> 
     </span>
     <span class='ocr_line' id='line_1_25' title="bbox 93 2418 1109 2507; baseline 0.001 -20"><span class='ocrx_word' id='word_1_213' title='bbox 93 2418 285 2507; x_wconf 77' lang='grc' dir='ltr'><strong><em>μενίνδρον).</em></strong></span> <span class='ocrx_word' id='word_1_214' title='bbox 330 2427 393 2488; x_wconf 85' lang='lat' dir='ltr'>Fol.</span> <span class='ocrx_word' id='word_1_215' title='bbox 418 2429 459 2486; x_wconf 80' lang='lat'>98</span> <span class='ocrx_word' id='word_1_216' title='bbox 483 2447 511 2488; x_wconf 82' lang='lat' dir='ltr'>v.</span> <span class='ocrx_word' id='word_1_217' title='bbox 528 2459 566 2468; x_wconf 87' lang='lat'><em>-</em></span> <span class='ocrx_word' id='word_1_218' title='bbox 586 2428 650 2486; x_wconf 89' lang='grc'>104</span> <span class='ocrx_word' id='word_1_219' title='bbox 677 2445 773 2487; x_wconf 86' lang='lat' dir='ltr'>vacua</span> <span class='ocrx_word' id='word_1_220' title='bbox 805 2429 889 2504; x_wconf 84' lang='lat' dir='ltr'>sunt3</span> <span class='ocrx_word' id='word_1_221' title='bbox 921 2426 972 2487; x_wconf 86' lang='lat' dir='ltr'>fol.</span> <span class='ocrx_word' id='word_1_222' title='bbox 1003 2426 1064 2486; x_wconf 84' lang='lat'>105</span> <span class='ocrx_word' id='word_1_223' title='bbox 1084 2446 1109 2488; x_wconf 87' lang='lat' dir='ltr'>r.</span> 
     </span>
     <span class='ocr_line' id='line_1_26' title="bbox 92 2507 887 2595; baseline -0.003 -20"><span class='ocrx_word' id='word_1_224' title='bbox 92 2517 246 2592; x_wconf 89' lang='lat' dir='ltr'>sequitur:</span> <span class='ocrx_word' id='word_1_225' title='bbox 271 2507 306 2595; x_wconf 81' lang='lat'>5)</span> <span class='ocrx_word' id='word_1_226' title='bbox 331 2514 485 2576; x_wconf 82' lang='grc' dir='ltr'><strong><em>διοννσίον</em></strong></span> <span class='ocrx_word' id='word_1_227' title='bbox 508 2511 685 2593; x_wconf 72' lang='grc' dir='ltr'><em>οἰκουμένης</em></span> <span class='ocrx_word' id='word_1_228' title='bbox 707 2509 887 2595; x_wconf 75' lang='grc' dir='ltr'><strong><em>περιήνησις.</em></strong></span> 
     </span>
    </p>

    <p class='ocr_par' dir='ltr' id='par_1_4' title="bbox 91 2596 1112 3396">
     <span class='ocr_line' id='line_1_27' title="bbox 183 2596 1110 2684; baseline 0.001 -22"><span class='ocrx_word' id='word_1_229' title='bbox 183 2596 218 2684; x_wconf 88' lang='grc'>8)</span> <span class='ocrx_word' id='word_1_230' title='bbox 241 2604 272 2662; x_wconf 90' lang='grc' dir='ltr'><em>Β</em></span> <span class='ocrx_word' id='word_1_231' title='bbox 291 2628 334 2652; x_wconf 85' lang='grc'>--</span> <span class='ocrx_word' id='word_1_232' title='bbox 352 2604 544 2663; x_wconf 83' lang='lat' dir='ltr'>Florentinus</span> <span class='ocrx_word' id='word_1_233' title='bbox 563 2603 784 2663; x_wconf 81' lang='lat' dir='ltr'>Laurentianus</span> <span class='ocrx_word' id='word_1_234' title='bbox 807 2603 904 2680; x_wconf 90' lang='lat' dir='ltr'>plutei</span> <span class='ocrx_word' id='word_1_235' title='bbox 920 2605 962 2663; x_wconf 87' lang='grc'>60</span> <span class='ocrx_word' id='word_1_236' title='bbox 979 2603 1042 2664; x_wconf 86' lang='lat' dir='ltr'>cod.</span> <span class='ocrx_word' id='word_1_237' title='bbox 1059 2607 1110 2681; x_wconf 86' lang='grc'>19,</span> 
     </span>
     <span class='ocr_line' id='line_1_28' title="bbox 93 2684 1110 2773; baseline 0 -22"><span class='ocrx_word' id='word_1_238' title='bbox 93 2689 214 2752; x_wconf 90' lang='lat' dir='ltr'>Osanno</span> <span class='ocrx_word' id='word_1_239' title='bbox 228 2692 318 2752; x_wconf 86' lang='lat' dir='ltr'>Laur.</span> <span class='ocrx_word' id='word_1_240' title='bbox 335 2695 365 2766; x_wconf 88' lang='lat'>4,</span> <span class='ocrx_word' id='word_1_241' title='bbox 379 2693 459 2752; x_wconf 90' lang='lat' dir='ltr'>XIV.</span> <span class='ocrx_word' id='word_1_242' title='bbox 480 2684 594 2773; x_wconf 82' lang='lat' dir='ltr'>(XV.?)</span> <span class='ocrx_word' id='word_1_243' title='bbox 614 2693 733 2752; x_wconf 84' lang='lat' dir='ltr'>saeculi.</span> <span class='ocrx_word' id='word_1_244' title='bbox 771 2692 927 2752; x_wconf 79' lang='lat' dir='ltr'>Consentit</span> <span class='ocrx_word' id='word_1_245' title='bbox 945 2693 1110 2769; x_wconf 90' lang='lat' dir='ltr'>plurimum</span> 
     </span>
     <span class='ocr_line' id='line_1_29' title="bbox 92 2775 1110 2858; baseline 0 -18"><span class='ocrx_word' id='word_1_246' title='bbox 92 2799 160 2840; x_wconf 91' lang='lat' dir='ltr'>cum</span> <span class='ocrx_word' id='word_1_247' title='bbox 185 2779 221 2856; x_wconf 70' lang='lat' dir='ltr'>d,</span> <span class='ocrx_word' id='word_1_248' title='bbox 248 2781 327 2840; x_wconf 91' lang='lat' dir='ltr'>unde</span> <span class='ocrx_word' id='word_1_249' title='bbox 357 2782 411 2842; x_wconf 89' lang='lat' dir='ltr'>hos</span> <span class='ocrx_word' id='word_1_250' title='bbox 434 2781 510 2841; x_wconf 88' lang='lat' dir='ltr'>duos</span> <span class='ocrx_word' id='word_1_251' title='bbox 541 2781 624 2840; x_wconf 90' lang='lat' dir='ltr'>codd.</span> <span class='ocrx_word' id='word_1_252' title='bbox 648 2781 798 2840; x_wconf 89' lang='lat' dir='ltr'>communi</span> <span class='ocrx_word' id='word_1_253' title='bbox 825 2785 897 2842; x_wconf 83' lang='lat' dir='ltr'>nota</span> <span class='ocrx_word' id='word_1_254' title='bbox 925 2775 955 2841; x_wconf 82' lang='lat' dir='ltr'>b&#39;</span> <span class='ocrx_word' id='word_1_255' title='bbox 982 2781 1110 2858; x_wconf 80' lang='lat' dir='ltr'>insigni-</span> 
     </span>
     <span class='ocr_line' id='line_1_30' title="bbox 91 2868 1108 2946; baseline -0.002 -15"><span class='ocrx_word' id='word_1_256' title='bbox 91 2870 198 2931; x_wconf 80' lang='lat' dir='ltr'>vimus.</span> <span class='ocrx_word' id='word_1_257' title='bbox 221 2868 332 2946; x_wconf 91' lang='lat' dir='ltr'>Incipit</span> <span class='ocrx_word' id='word_1_258' title='bbox 354 2888 373 2929; x_wconf 86' lang='lat' dir='ltr'>a</span> <span class='ocrx_word' id='word_1_259' title='bbox 393 2872 528 2929; x_wconf 86' lang='lat' dir='ltr'>tractatu</span> <span class='ocrx_word' id='word_1_260' title='bbox 551 2871 588 2929; x_wconf 89' lang='lat' dir='ltr'>de</span> <span class='ocrx_word' id='word_1_261' title='bbox 607 2869 763 2930; x_wconf 90' lang='lat' dir='ltr'>duodecim</span> <span class='ocrx_word' id='word_1_262' title='bbox 780 2871 920 2931; x_wconf 90' lang='lat' dir='ltr'>Herculis</span> <span class='ocrx_word' id='word_1_263' title='bbox 938 2871 1108 2945; x_wconf 79' lang='lat' dir='ltr'>laboribus3</span> 
     </span>
     <span class='ocr_line' id='line_1_31' title="bbox 92 2957 1108 3038; baseline 0.001 -21"><span class='ocrx_word' id='word_1_264' title='bbox 92 2958 199 3018; x_wconf 90' lang='lat' dir='ltr'>deinde</span> <span class='ocrx_word' id='word_1_265' title='bbox 218 2959 355 3034; x_wconf 88' lang='lat' dir='ltr'>sequitur</span> <span class='ocrx_word' id='word_1_266' title='bbox 370 2957 534 3034; x_wconf 81' lang='lat' dir='ltr'>Cornutus,</span> <span class='ocrx_word' id='word_1_267' title='bbox 555 2977 644 3035; x_wconf 89' lang='lat' dir='ltr'>quem</span> <span class='ocrx_word' id='word_1_268' title='bbox 663 2959 772 3036; x_wconf 89' lang='lat' dir='ltr'>excipit</span> <span class='ocrx_word' id='word_1_269' title='bbox 790 2960 1007 3038; x_wconf 69' lang='lat' dir='ltr'>Palaephatus,</span> <span class='ocrx_word' id='word_1_270' title='bbox 1031 2976 1108 3034; x_wconf 87' lang='lat' dir='ltr'>quae</span> 
     </span>
     <span class='ocr_line' id='line_1_32' title="bbox 91 3045 1109 3125; baseline -0.001 -20"><span class='ocrx_word' id='word_1_271' title='bbox 91 3046 231 3123; x_wconf 87' lang='lat' dir='ltr'>deinceps</span> <span class='ocrx_word' id='word_1_272' title='bbox 255 3049 409 3120; x_wconf 86' lang='lat' dir='ltr'>secuntur,</span> <span class='ocrx_word' id='word_1_273' title='bbox 434 3045 591 3106; x_wconf 89' lang='lat' dir='ltr'>discedunt</span> <span class='ocrx_word' id='word_1_274' title='bbox 613 3048 651 3106; x_wconf 84' lang='lat' dir='ltr'>ab</span> <span class='ocrx_word' id='word_1_275' title='bbox 676 3047 730 3124; x_wconf 88' lang='lat' dir='ltr'>cis,</span> <span class='ocrx_word' id='word_1_276' title='bbox 754 3068 830 3125; x_wconf 84' lang='lat' dir='ltr'>quae</span> <span class='ocrx_word' id='word_1_277' title='bbox 849 3048 919 3108; x_wconf 86' lang='lat' dir='ltr'>Vat.</span> <span class='ocrx_word' id='word_1_278' title='bbox 936 3049 1020 3108; x_wconf 88' lang='lat'>1385</span> <span class='ocrx_word' id='word_1_279' title='bbox 1042 3066 1109 3107; x_wconf 90' lang='lat' dir='ltr'>con-</span> 
     </span>
     <span class='ocr_line' id='line_1_33' title="bbox 91 3133 1108 3213; baseline 0.003 -20"><span class='ocrx_word' id='word_1_280' title='bbox 91 3136 235 3195; x_wconf 87' lang='lat' dir='ltr'>tinentur.</span> <span class='ocrx_word' id='word_1_281' title='bbox 282 3134 362 3194; x_wconf 90' lang='lat' dir='ltr'>Ordo</span> <span class='ocrx_word' id='word_1_282' title='bbox 390 3133 516 3194; x_wconf 79' lang='lat' dir='ltr'>Cornuti</span> <span class='ocrx_word' id='word_1_283' title='bbox 543 3137 703 3196; x_wconf 84' lang='lat' dir='ltr'>verborum</span> <span class='ocrx_word' id='word_1_284' title='bbox 729 3138 886 3213; x_wconf 84' lang='lat' dir='ltr'>paululum</span> <span class='ocrx_word' id='word_1_285' title='bbox 912 3138 1108 3213; x_wconf 86' lang='lat' dir='ltr'>perturbatus</span> 
     </span>
     <span class='ocr_line' id='line_1_34' title="bbox 92 3216 1107 3308; baseline 0.002 -25"><span class='ocrx_word' id='word_1_286' title='bbox 92 3225 151 3283; x_wconf 87' lang='lat' dir='ltr'>cst:</span> <span class='ocrx_word' id='word_1_287' title='bbox 174 3242 245 3283; x_wconf 86' lang='lat' dir='ltr'>nam</span> <span class='ocrx_word' id='word_1_288' title='bbox 268 3223 340 3283; x_wconf 87' lang='lat' dir='ltr'>folio</span> <span class='ocrx_word' id='word_1_289' title='bbox 358 3226 399 3283; x_wconf 90' lang='lat'>10</span> <span class='ocrx_word' id='word_1_290' title='bbox 413 3244 440 3285; x_wconf 82' lang='lat' dir='ltr'>v.</span> <span class='ocrx_word' id='word_1_291' title='bbox 455 3223 611 3284; x_wconf 87' lang='lat' dir='ltr'>desinente</span> <span class='ocrx_word' id='word_1_292' title='bbox 625 3226 716 3286; x_wconf 82' lang='lat' dir='ltr'>verbo</span> <span class='ocrx_word' id='word_1_293' title='bbox 730 3224 856 3308; x_wconf 72' lang='grc' dir='ltr'><strong><em>θεμελίῳ</em></strong></span> <span class='ocrx_word' id='word_1_294' title='bbox 877 3218 919 3305; x_wconf 91' lang='lat' dir='ltr'>(p.</span> <span class='ocrx_word' id='word_1_295' title='bbox 937 3216 1038 3305; x_wconf 53' lang='lat' dir='ltr'>islo)</span> <span class='ocrx_word' id='word_1_296' title='bbox 1056 3224 1107 3285; x_wconf 87' lang='lat' dir='ltr'>fol.</span> 
     </span>
     <span class='ocr_line' id='line_1_35' title="bbox 94 3306 1112 3396; baseline 0.002 -26"><span class='ocrx_word' id='word_1_297' title='bbox 94 3315 133 3371; x_wconf 92' lang='lat'>11</span> <span class='ocrx_word' id='word_1_298' title='bbox 149 3332 173 3371; x_wconf 89' lang='lat' dir='ltr'>r.</span> <span class='ocrx_word' id='word_1_299' title='bbox 188 3313 279 3372; x_wconf 85' lang='lat' dir='ltr'>codex</span> <span class='ocrx_word' id='word_1_300' title='bbox 293 3311 332 3370; x_wconf 90' lang='lat' dir='ltr'>ad</span> <span class='ocrx_word' id='word_1_301' title='bbox 350 3313 444 3372; x_wconf 86' lang='lat' dir='ltr'>verba</span> <span class='ocrx_word' id='word_1_302' title='bbox 463 3315 522 3373; x_wconf 80' lang='grc' dir='ltr'>τῶν</span> <span class='ocrx_word' id='word_1_303' title='bbox 536 3306 576 3385; x_wconf 80' lang='grc' dir='ltr'>ὡς</span> <span class='ocrx_word' id='word_1_304' title='bbox 590 3310 623 3373; x_wconf 81' lang='grc' dir='ltr'>ἒν</span> <span class='ocrx_word' id='word_1_305' title='bbox 636 3314 778 3396; x_wconf 72' lang='grc' dir='ltr'><strong><em>κοινωνίᾳ</em></strong></span> <span class='ocrx_word' id='word_1_306' title='bbox 796 3309 839 3393; x_wconf 91' lang='lat' dir='ltr'>(p.</span> <span class='ocrx_word' id='word_1_307' title='bbox 860 3315 910 3388; x_wconf 83' lang='lat'>25,</span> <span class='ocrx_word' id='word_1_308' title='bbox 927 3306 984 3393; x_wconf 81' lang='lat'>20)</span> <span class='ocrx_word' id='word_1_309' title='bbox 999 3312 1112 3372; x_wconf 80' lang='lat' dir='ltr'>transit</span> 
     </span>
    </p>
   </div>
   <div class='ocr_carea' id='block_1_4' title="bbox 90 3430 304 3440">
    <p class='ocr_par' dir='ltr' id='par_1_5' title="bbox 90 3430 304 3440">
     <span class='ocr_line' id='line_1_36' title="bbox 90 3430 304 3440; baseline 0 0"><span class='ocrx_word' id='word_1_310' title='bbox 90 3430 304 3440; x_wconf 39' lang='lat' dir='ltr'>n———Q</span> 
     </span>
    </p>
   </div>
   <div class='ocr_carea' id='block_1_5' title="bbox 165 3479 648 3552">
    <p class='ocr_par' dir='ltr' id='par_1_6' title="bbox 165 3479 648 3552">
     <span class='ocr_line' id='line_1_37' title="bbox 165 3479 648 3552; baseline 0 -18"><span class='ocrx_word' id='word_1_311' title='bbox 165 3482 190 3549; x_wconf 90' lang='lat'>1)</span> <span class='ocrx_word' id='word_1_312' title='bbox 211 3479 251 3536; x_wconf 83' lang='lat' dir='ltr'>of.</span> <span class='ocrx_word' id='word_1_313' title='bbox 270 3479 419 3536; x_wconf 72' lang='lat' dir='ltr'>uestem.</span> <span class='ocrx_word' id='word_1_314' title='bbox 438 3481 457 3535; x_wconf 92' lang='lat'>1.</span> <span class='ocrx_word' id='word_1_315' title='bbox 477 3481 495 3534; x_wconf 90' lang='lat'>1.</span> <span class='ocrx_word' id='word_1_316' title='bbox 514 3499 542 3552; x_wconf 77' lang='lat' dir='ltr'>p.</span> <span class='ocrx_word' id='word_1_317' title='bbox 560 3480 648 3539; x_wconf 85' lang='lat' dir='ltr'>xvn.</span> 
     </span>
    </p>
   </div>
   <div class='ocr_carea' id='block_1_6' title="bbox 0 0 1250 3848">
    <p class='ocr_par' dir='ltr' id='par_1_7' title="bbox 0 0 1250 3848">
     <span class='ocr_line' id='line_1_38' title="bbox 0 0 1250 3848; baseline 0 0"><span class='ocrx_word' id='word_1_318' title='bbox 0 0 1250 3848; x_wconf 95' lang='lat' dir='ltr'> </span> 
     </span>
    </p>
   </div>
  </div>
 </body>
</html>
