2490 3848
523 229 724 282 ΕΙΠΔΡΟΜΗ.
1115 229 1133 292 7

119 374 154 440 ἐκ
176 376 234 458 τῆς
252 369 344 450 Ῥέας
367 368 455 463 αὐτῷ
479 369 641 457 γινόμενα
662 371 761 440 τέκνα
785 375 962 457 [εἴληπται
985 371 1048 458 μὲν
1071 365 1134 440 οὖν

120 477 207 547 οὕτω
231 478 321 546 πάνυ
344 477 506 562 είκότιος],
531 475 643 565 ἐπειδὴ
662 475 735 553 ,ὅσα
760 473 803 545 άν
823 483 955 564 γίνηται
973 476 1056 545 κατὰ
1073 476 1134 546 τὸν

122 586 301 674 εἰρημένον
322 588 380 671 τῆς
402 583 566 671 κινήσεως
588 583 693 670 λόγον
719 581 821 652 πάλιν
845 581 928 652 κατὰ
950 583 1010 660 τὸν
1030 583 1134 653 αὐτὸν

92 695 93 698 ’
119 692 324 783 ε’νπεριόὸῳ
352 690 559 778 ἀφανίζεται·
586 691 641 760 καί
666 688 683 759 ὁ
712 690 833 779 χρόνος
857 690 894 758 δὲ
921 689 1077 758 τοιοῦτόν
1103 696 1138 760 τί

120 801 201 868 ἐστι·
226 802 412 867 θαπανᾶται
435 796 498 886 γὰρ
521 795 579 865 ὑπ’
602 795 707 886 αὐτοῦ
727 796 770 870 τὰς
790 796 952 884 γινόμενα
976 798 1013 864 ἐν
1037 795 1161 888 αὐτῷ.ε

121 903 190 972 είτα
208 903 269 990 τὴν
284 905 377 971 Ῥέαν
397 903 501 989 φασὶν
515 905 733 990 γεννωμένου
752 901 834 992 αὐτῇ
853 907 915 971 τοῦ
929 902 1015 983 Διὸς
1031 909 1134 971 ’λίθον

119 1008 192 1079 άντ’
219 1009 324 1078 αὐτοῦ
347 1023 582 1096 προσενεγκεῖν
606 1005 1134 1101 έσπαργανωμέυον,τῷ’Κρόνῳ,

119 1120 240 1184 τοῦτον
264 1119 425 1184 είποῦσαν
443 1117 623 1184 τετοκέναι·
646 1114 803 1184 κάκεϊνον
822 1114 884 1202 μὲν
901 1120 1135 1201 καταποθῆναι

118 1219 175 1292 ὑπ’
206 1220 326 1308 αὐτοῦ,
353 1220 413 1290 τὸν
444 1222 482 1290 δὲ
506 1228 574 1289 Δία
602 1221 715 1307 λάθρα
741 1222 910 1309 τραφέντα
939 1213 1135 1306 βασιλεῦσαι

118 1332 179 1396 τοῦ
208 1328 346 1415 κόσμου.
379 1326 534 1396 Ιἐνταῦθ’
568 1320 631 1397 οὖν
646 1382 648 1386 ,
661 1327 771 1407 άλλως
791 1321 952 1414 ἐίληπται
984 1326 1005 1415 ἡ
1038 1330 1136 1398 κατά·
1150 1351 1177 1390 10

117 1452 228 1514 ποσις·
252 1435 466 1504 συντέτακται
489 1431 596 1522 γάρὸ
620 1437 731 1521 μῦθος
750 1433 825 1520 περὶ
848 1438 906 1519 της
928 1438 988 1502 τοῦ
1006 1435 1136 1523 κόσμου

119 1544 298 1627 γενέσεως,·
318 1542 356 1609 ἐν
379 1533 404 1633 ᾧ
423 1540 498 1610 τότε
516 1537 689 1628 ἀνετράφη
713 1537 733 1627 ἡ
754 1543 930 1609 διοικοῦσα
941 1539 1053 1610 ἀὐτὸν
1072 1542 1136 1628 φά-

120 1667 170 1728 σις
188 1648 243 1716 καὶ
263 1644 493 1734 ἐπεκράτησεν)
513 1644 567 1715 ὅτε
587 1650 633 1726 είς
651 1643 689 1714 τὸ
708 1651 907 1734 μεσαίτατον
926 1643 1031 1714 αὐτοῦ
1050 1644 1068 1714 ὁ
1089 1653 1137 1715 λί-

119 1762 184 1832 θος
203 1745 315 1837 οὗτος,
331 1743 377 1820 >ὃν
394 1750 563 1839 καλοῦμεν
581 1757 661 1838 γῆν,
682 1753 787 1821 οίονεὶ
804 1753 1007 1832 καταποθεὶς
1025 1755 1136 1838 ἐγκατ-

120 1863 310 1945 εστηρίχθη.
348 1854 389 1925 οὐ
412 1856 475 1945 γάρ
499 1855 543 1925 άν
561 1856 669 1937 άλλως
688 1860 830 1944 συνέστη
854 1857 894 1926 τὰ
918 1859 1014 1945 ὄντα,
1039 1864 1070 1927 εί
1091 1859 1135 1948 μὴ
1151 1879 1191 1938 ιο

120 1962 165 2045 ὡς
188 1966 240 2032 ἐπὶ
263 1968 425 2049 θεμελίου
447 1963 570 2050 ταύτης
592 1960 751 2050 ήρείσθη,
775 1965 965 2050 γινομένων
988 1967 1043 2032 καὶ
1066 1991 1136 2052 τρε·

121 2071 281 2158 φομένιον
300 2071 460 2138 ἐντεῦθεν
478 2068 622 2137 πάντων.
660 2095 686 2137 ο.
707 2073 735 2136 7.
763 2066 960 2139 Τελευταίον
981 2071 1018 2138 δὲ
1037 2068 1054 2139 ὁ
1075 2071 1136 2157 μὲν

120 2176 256 2265 Κρόνος
279 2179 457 2264 ίστορεῑται
477 2180 624 2263 συνεχῶς
642 2174 800 2244 κατιόντα
819 2176 872 2244 έπί
890 2180 936 2270 τῷ
952 2162 1137 2264 μίγνυσθαι

118 2288 158 2373 τῇ
183 2287 232 2372 Γῇ
256 2282 316 2381 τὸν
342 2280 500 2368 Οὐρανὸν
525 2285 671 2369 ἐκτεμεῖν
693 2282 749 2350 καὶ
772 2286 898 2350 παῦσαι
917 2287 976 2371 τῆς
997 2281 1137 2372 ὕβρεως,

118 2389 137 2460 ὁ
167 2391 204 2459 δὲ
232 2388 317 2469 Ζεὺς
345 2387 495 2475 ἐκβαλὼν
523 2386 627 2457 αὐτὸν
654 2392 713 2475 τῆς
740 2393 910 2473 βασιλείας
936 2401 1177 2478 καταταρτα-ἐο

121 2502 235 2585 ρῶσαι.
282 2495 342 2577 διά
361 2500 447 2583 γοῦν
474 2495 604 2565 τούτων
633 2499 837 2563 αἰνίττονται
865 2493 916 2564 ὅτι
940 2522 961 2582 η
988 2500 1046 2582 τῆς
1068 2500 1147 2591 τῶν

119 2600 209 2671 ὅλοον
239 2604 400 2689 γενέσεως
429 2603 533 2688 τάξις,
566 2599 610 2689 ἣν
639 2607 767 2688 ἔφαμεν
798 2598 862 2669 άπὸ
895 2605 955 2671 τοῦ
985 2608 1135 2689 κραίνειν

194 2839 217 2885 1.
237 2827 327 2904 αὐτῷ]
348 2828 424 2903 αὐτῷ
441 2833 485 2888 Os.
505 2835 545 2890 τά.
561 2864 594 2874 -
608 2833 712 2904 γινομ]
731 2829 884 2903 γεινόμενα
900 2832 926 2885 L
944 2851 998 2901 γιν.
1013 2849 1082 2904 cort.
1103 2851 1137 2888 ex

120 2900 273 2973 γεινόμενοι
288 2903 319 2956 Χ
332 2910 401 2959 -1.
416 2909 441 2958 2.
456 2905 584 2974 είληπται
599 2901 651 2974 μὲν
666 2895 719 2959 οὖν
733 2899 807 2958 οὕτω
821 2904 857 2959 bc
871 2905 978 2958 εἴωθεν
992 2903 1069 2975 [μὲν]
1085 2897 1137 2959 οὖν

121 2969 221 3046 [οὕτω]
236 2992 255 3029 α
269 3005 302 3014 -
313 2981 337 3029 4.
353 2969 546 3042 άφοινίζεσθαι
559 2971 678 3030 a'zG-
693 2981 718 3029 4.
733 2979 758 3029 ὅ.
773 2970 903 3030 τοιοῦτόν
915 2973 963 3045 [τι]
980 2969 1038 3029 ἔστι
1052 2977 1088 3030 bc
1103 3006 1135 3016 —

120 3053 145 3101 ὅ.
168 3043 344 3115 γενόμεναο
367 3075 402 3085 ·-
425 3041 457 3099 ἐν
477 3041 552 3119 αὐτῷ
571 3064 589 3100 a
613 3041 643 3111 ἐξ
662 3039 752 3100 αὐτοῦ
772 3047 787 3099 b
807 3047 841 3116 [ε.
861 3045 901 3116 α]
921 3062 936 3100 ο
956 3076 989 3085 -
1009 3053 1033 3100 6.
1057 3043 1137 3115 γενό-

120 3136 207 3187 μενον
227 3135 246 3172 α
265 3149 298 3157 -
324 3123 348 3172 8.
368 3113 487 3171 εἰποῦσα
507 3117 542 3171 bc
559 3147 595 3158 -
615 3122 656 3172 10.
677 3112 806 3171 ἐνταῦθα
824 3108 876 3170 οὖν
897 3117 949 3171 Xb
969 3147 1002 3157 -
1024 3121 1065 3172 14.
1079 3108 1138 3171 ὀὗ-

120 3189 179 3260 τος]
200 3183 287 3250 αὐτὸς
305 3206 324 3242 α
343 3218 376 3228 -
396 3194 438 3242 16.
457 3182 494 3249 ὡς
513 3182 560 3242 ἐπὶ
577 3189 714 3257 θεμελίου
733 3183 758 3241 α’
771 3186 833 3240 VX
850 3181 913 3258 [ὥς]
937 3182 984 3241 ἐπὶ
1001 3189 1137 3257 θεμελίου

121 3259 149 3312 L
167 3258 216 3313 καί
236 3255 283 3313 ἐπὶ
301 3261 426 3330 θεμελίῳ
446 3259 461 3312 b
480 3258 530 3329 [κ]
551 3254 597 3314 έπλ
615 3260 740 3329 θεμελίῳ
760 3273 774 3312 ο
862 3306 864 3311 ,

138 3390 140 3394 ,
192 3329 252 3384 VII.
282 3336 323 3385 17.
349 3333 561 3385 Τελευταῖονσ
583 3328 652 3392 τέως
675 3330 711 3383 bc
730 3359 763 3369 -
789 3333 830 3384 18.
856 3323 903 3382 έπλ
921 3324 953 3382 τὸ
979 3349 1006 3398 μ.
1026 3325 1086 3383 οἸι
1103 3360 1136 3371 -

122 3403 165 3453 20.
184 3404 227 3457 21.
246 3396 475 3470 κατεταρτάρωοε
496 3402 532 3455 bc
550 3432 583 3441 -—
607 3407 651 3456 21.
675 3396 724 3454 διά
748 3399 781 3453 δὲ
804 3394 913 3453 τούτων
933 3416 952 3452 ιι
973 3430 1006 3439 -
1029 3405 1074 3455 21.
1095 3405 1137 3455 λθ.

121 3469 202 3541 [τῶν]
223 3467 296 3527 ὅλων
315 3473 331 3528 b
349 3473 399 3541 τῆς
417 3466 482 3541 ὅλης
501 3489 515 3526 ο
