2490 3848
493 201 693 253 ΕΙΠΔΡΟΜΗ.
1054 200 1097 265 63

86 337 165 408 καθ’
188 335 228 408 δν
251 336 272 425 ἡ
296 338 398 426 φῦσις
421 339 541 429 ίσχνρδι
558 341 614 408 καὶ
632 339 773 428 κραταιώ
791 344 880 409 ἐστιν
902 342 970 425 [καὶ
989 339 1101 428 ἀπερι-

86 446 223 532 γένητος
242 437 357 532 οὗσα],
380 445 594 533 μεταδοτικὸς
612 446 727 534 ίσχῦος
745 447 800 514 καὶ
818 460 888 527 τοῖς
900 445 983 516 κατδι
1001 448 1101 535 μέρος

85 552 140 620 καὶ
164 548 266 638 ἀλκῆς
287 549 455 639 ὑπάρχων.
492 549 687 639 ώμόμασται
710 551 747 620 δὲ
765 551 848 639 τάχα
867 549 930 620 νἰτιδ
949 557 1011 620 τοῦ
1030 557 1100 621 δια-

85 661 208 726 τείνειν
231 661 279 737 είς
295 656 374 737 τοῦς
392 655 518 747 ἥρωας,
542 654 587 736 ώς
606 655 711 726 αὐτοῦ
726 656 826 736 ὄντος
838 662 899 725 τοῦ
912 663 1101 739 κλεΐζεσθαι

85 762 163 842 τοῦς
185 770 363 849 γενναίους
385 767 576 842 ποιοῦντος·
599 761 710 849 ἥρωας
733 760 796 850 γδιρ
820 760 961 831 ἐκάλουν
985 766 1021 832 οί
1040 783 1127 831 ιτα-ε

86 869 176 937 λαιολ
203 868 281 949 τοῦς
309 866 435 953 ἁδροὺς
462 881 531 947 τοῖς
560 864 691 954 σώμασι
717 869 773 935 καὶ
799 882 872 949 ταῖς
898 882 1020 957 ψυχαῖς
1044 871 1100 938 καὶ

85 971 168 1040 κατὰ
192 977 291 1042 τοῦτο
314 977 375 1042 τοῦ
398 978 498 1042 θείον
520 975 640 1060 γένους
662 975 809 1061 μετέχειν
834 978 1027 1056 δοκοῦντας.
1060 963 1102 1042 οῦ

87 1083 138 1146 δεῖ
159 1079 197 1146 δὲ
219 1077 284 1147 ῦκὸ
307 1082 366 1165 τῆς
384 1081 546 1167 νεωτέρας
566 1083 713 1167 ίστορίας
732 1081 1025 1168 έτιιταράττεσθαν
1044 1079 1099 1148 διὰ
1137 1143 1138 1146 ,

85 1183 149 1270 γὰρ
173 1182 296 1272 ἀρετὴν
318 1182 447 1270 ἠξιώθη
471 1188 528 1271 τῆς
546 1181 648 1271 αὐτῆς
670 1190 716 1278 τῷ
739 1190 809 1277 θεῷ
833 1191 1058 1275 προσηγορίας
1081 1189 1100 1253 ὁ

83 1286 266 1377 Ἀλκμήνης
291 1290 347 1357 καὶ
375 1288 626 1376 Ἀμφιτρύωνος
653 1290 740 1376 υἱός,
774 1295 854 1360 ὥστε
883 1291 1100 1379 δυσδιάκριτα
1114 1310 1141 1350 1⁰

85 1397 259 1480 γεγονέναι
281 1394 322 1464 τὰ
344 1398 405 1463 τοῦ
427 1399 515 1464 θεοῦ
538 1400 608 1463 ίδια
631 1393 696 1464 ἀπὸ
719 1401 787 1465 τών
809 1398 885 1483 τιερὶ
907 1400 968 1466 τοῦ
991 1395 1118 1484 η’ρωοςι

54 1576 55 1579 ¹
86 1502 343 1589 ἱστορουμένων.
388 1499 472 1588 ιώχα
495 1499 527 1567 δ’
554 1497 597 1568 ἂν
620 1499 640 1587 ἡ
665 1505 783 1586 λεοντῆ
806 1502 861 1569 καὶ
885 1501 922 1569 τδ
950 1503 1099 1590 ῥόπαλον

85 1608 120 1673 ἐκ
147 1612 205 1693 τῆς
232 1610 373 1686 παλαιᾶς
399 1611 579 1691 θεολογίας
606 1606 659 1673 ἐπὶ
686 1609 808 1674 τοῦτον
835 1610 1100 1694 μετενηνεγμένα

85 1720 144 1797 είη.
198 1709 397 1798 [στρατηγόν
430 1710 494 1799 γδιρ
525 1709 629 1779 αὐτὸν
661 1708 794 1798 ἀγαθὸν
826 1711 1011 1798 γενόμενον
1043 1713 1100 1779 καὶ

84 1813 190 1884 πολλὰ
218 1819 300 1903 μέρη
330 1821 390 1902 τῆς
417 1821 480 1903 γῆς
508 1815 588 1904 μετὰ
619 1816 792 1904 δυνάμεως
821 1814 1008 1886 ἐπελθόντα
1038 1815 1099 1904 οὐχ
1113 1834 1139 1876 1⁵

85 1915 161 1989 οἷόν
192 1947 227 1988 τε
258 1919 389 2007 γυμνὸν
422 1924 514 2003 ἔδοξε
546 1923 839 2009 τεριεληλνθέναι,
873 1920 959 2012 ξύλῳ
992 1921 1100 2008 μόνον

85 2023 311 2112 ὡπλισμένον,
339 2023 423 2094 ἆλλδι
446 2039 517 2106 τοῖς
540 2029 712 2114 ἐπισήμοις
733 2032 794 2096 τοῦ
821 2030 908 2095 θεοῦ
934 2026 1015 2113 μετὰ
1038 2026 1099 2096 τὸν

85 2129 362 2217 ἄπαθανατισμὸν
373 2128 458 2221 ὑπὲρ
467 2136 537 2200 τών
546 2130 835 2220 εὐεργετουμένων
847 2138 1098 2220 κεκοσμῆσθαι]

85 2237 255 2324 σύμβολον
280 2236 312 2305 δ’
334 2233 376 2305 ῦν
396 2236 553 2324 ἑκάτερον
573 2246 623 2324 εἴη
643 2237 754 2326 ῥώμης
771 2241 828 2307 καὶ
849 2239 1098 2326 γενναιότητος·

84 2339 102 2409 ό
127 2343 189 2430 μὲν
211 2341 275 2430 γὰρ
298 2344 384 2412 λέων
407 2343 445 2412 τὸ
467 2340 695 2430 ἀλκιμώτατον
713 2347 781 2410 τών
799 2350 933 2432 θηρίων
956 2347 1035 2431 ἐστί,
1059 2343 1096 2412 τὸ
1111 2362 1138 2404 20

84 2447 121 2516 δδ
145 2449 293 2535 ῥόπαλον
315 2448 354 2518 τὸ
372 2449 623 2538 καρτερώτατον
640 2452 711 2517 τών
729 2447 852 2518 ότιλων.
888 2450 943 2517 καὶ
963 2448 1100 2536 τοξότης

85 2550 117 2621 δ’
145 2549 188 2620 διν
212 2551 229 2622 ὁ
253 2555 334 2635 θεὸς
360 2555 596 2641 τιαρεισόγοιτο
624 2552 708 2623 κατώ
730 2579 765 2621 τε
787 2552 825 2622 τὸ
856 2558 1027 2642 πανταχοῦ
1051 2561 1098 2624 δι·

154 2711 251 2769 XXXI.
280 2720 305 2772 1.
334 2710 455 2782 κραταιώ
473 2710 632 2784 (κρατΞαιά
650 2713 686 2781 L)
711 2709 786 2768 ἐστιν
809 2708 1099 2784 καλ’όκεριγέννητος

83 2783 170 2851 (-οτος
194 2781 235 2850 P)
265 2773 336 2838 οὖσα
364 2781 546 2852 μεταδοτικὸς
569 2780 610 2854 (-ι“χ
634 2785 654 2853 l)
679 2802 697 2839 α
720 2780 841 2852 κραταιώ
868 2779 943 2839 ἐστιν
966 2779 1098 2855 ἀνίκητος

83 2853 143 2977 §sed
162 2853 343 2908 δυσνοεῖν
365 2853 383 2906 1.
403 2869 440 2907 er.
459 2854 504 2922 N)
527 2854 576 2910 καλ
598 2848 801 2925 ώτεριγένητος
823 2844 895 2910 οῦσα
918 2873 975 2925 μετ.
995 2856 1032 2909 bc
1054 2874 1096 2923 κρ.

100 2941 159 2977 στιν
178 2917 310 2990 ἀνίκητος
327 2922 377 2976 καὶ
395 2917 595 2992 όκεριγένητος
614 2918 668 2992 δν,
687 2926 815 2994 μεταδοτ.
831 2925 920 2980 Schm.
935 2956 969 2965 —
987 2931 1012 2981 2.
1028 2929 1053 2979 3.
1071 2944 1096 2978 κ.

82 3014 105 3047 τ.
125 3013 149 3047 κ.
170 3013 197 3062 μ.
218 2992 298 3080 [naq
316 2987 403 3061 ἀλκῆς
420 2993 447 3046 L
470 3014 495 3048 κ.
514 2996 564 3063 τῆς
587 2992 660 3049 κατὰ
684 2994 767 3065 μέρος
790 2989 877 3064 ἆλκῇς
895 2993 919 3050 b'
942 2996 992 3049 καὶ
1011 2989 1099 3062 ώλκῇς

82 3062 131 3117 καλ
150 3068 209 3126 τοῖς
227 3083 301 3118 κατα
320 3060 405 3150 μέρος
422 3063 509 3150 δοῦρα.
530 3095 563 3148 3-
584 3072 608 3120 7.
628 3071 653 3120 8.
673 3061 707 3120 οῦ
727 3064 797 3137 [δεῖ]
810 3063 850 3153 εδὲ
869 3066 921 3120 λῦε
939 3095 973 3106 -
992 3071 1017 3120 8.
1037 3060 1097 3148 ἔπρ-

82 3133 201 3257 ἷίρδ-’ὶ
218 3134 1034 3276 {⁸05{232s‘ffi‘ssvs'ssm.⁹143⁰s050222‘?·y{{'‘'fi
1055 3133 1096 3257 δέ.

82 3273 290 3346 κεκοσμῆσθαι]
304 3275 393 3330 Schm.
408 3305 441 3316 -
460 3294 555 3345 γενομ.
574 3271 689 3345 ἀγαθόν
703 3293 764 3331 τ-
785 3283 826 3331 16,
846 3274 950 3341 ἔδοξαν
968 3269 1045 3329 a'Vc
1063 3303 1096 3314 -

83 3338 169 3414 ξύλῳ]
193 3345 269 3413 ξίφει
292 3345 380 3401 Sehm.
403 3376 437 3386 —
463 3351 504 3402 18.
528 3347 735 3416 κεκοσμῆσθαι]
759 3347 938 3416 κεκομῆσθαι
960 3344 995 3398 N
1015 3362 1097 3398 κεκο·

83 3413 185 3483 μίσθαι
204 3413 243 3482 (in
262 3431 348 3485 marg.
367 3416 466 3472 addito
480 3416 598 3486 κεκομῆ)
616 3416 644 3469 Β
663 3412 853 3485 κεκοσμήκασι
872 3415 959 3471 δόλοι.
