2490 3848
136 234 179 298 22
531 235 755 291 ΚΟΡΝΟΤΤΟΤ

136 377 176 444 τὰ
199 375 280 444 κατὰ
304 375 363 445 τὸν
387 375 491 462 λόγον
514 376 744 464 σημαινόμενα
766 382 838 457 ταῖς
860 374 990 462 ἀκοαῖς,
1013 375 1153 464 ἄγγελος

136 485 189 568 δέ,
218 483 286 550 ἐπεὶ
314 481 351 551 τὸ
380 483 533 571 βούλημα
560 486 628 550 τῶν
658 486 750 550 θεῶν
775 483 985 569 γινώσκομεν
1017 486 1052 552 ἐιι
1081 486 1150 551 τῶν

136 590 368 675 ἐνδεδομένων
389 586 470 676 ἡμῖν
493 588 575 657 κατὰ
592 587 653 657 τὸν
671 589 775 675 λόγον
794 592 945 658 ἐννοιῶν.
960 662 962 666 ,
975 592 1093 658 πέδιλα
1113 590 1151 657 δὲ
1198 594 1202 601 ’

136 694 231 782 φέρει
258 694 407 782 πτερωτὰ
435 695 490 762 καὶ
519 693 564 761 δι’
594 692 692 782 ἀέρος
720 697 855 782 φέρεται
885 695 1075 781 συμφώνως
1102 700 1148 787 τῷ

110 800 251 882 ῠκαθῶς
273 811 400 889 είρηται
428 799 468 868 τὰ
490 805 550 888 ε”πη
579 807 773 889 πτερόεντα·
805 803 861 869 καὶ
886 800 951 889 γὰρ
978 800 1040 888 τὴν
1064 794 1149 889 Ἶριν

135 907 327 995 ποδήνεμον
356 905 413 975 διὰ
438 911 539 976 τοῦτο
567 909 623 976 καὶ
651 907 839 977 ιἰελλόποδα
865 912 1027 978 καλοῦσιν
1053 906 1149 995 ἅγγε-

134 1020 211 1098 λου,
233 1014 289 1080 καὶ
312 1011 378 1082 ἀπὸ
401 1018 462 1082 τοῦ
485 1013 649 1101 ὀνόματος
674 1015 940 1101 παρεισάγοντες.
976 1029 1148 1103 ψυχοπομ-

133 1117 200 1186 πὸν
232 1118 270 1186 δέ
303 1118 363 1188 τὸν
388 1117 515 1208 Ἑρμῆν
545 1120 737 1207 ἐμύθευσαν
769 1119 856 1188 εἶναι
890 1122 1150 1208 συμβάλλοντες,

134 1222 215 1312 ὅπερ
234 1228 325 1293 λ’διον
342 1223 448 1294 νῶτὀῶ
463 1229 547 1312 ἐστι,
570 1225 607 1295 τό
627 1240 852 1314 ψυχαγωγεῖν·
876 1226 932 1294 διὰ
946 1230 1044 1294 τοῦτο
1059 1232 1147 1313 γοῦν

96 1349 121 1389 1⁰
134 1331 190 1400 καὶ
213 1330 342 1418 ῥάβδον
364 1329 453 1423 αὐτῷ
478 1333 712 1421 ἐγχειρίζουσι,

359 1461 399 1545 τῇ
422 1453 452 1522 τ’
478 1453 615 1543 ἀνδρῶν
639 1453 769 1543 ὄμματα
792 1458 921 1542 θέλγει,

132 1578 174 1646 τὰ
197 1583 256 1667 τῆς
278 1585 430 1660 διανοίας
454 1579 626 1666 δηλονότι,

179 1695 228 1773 ῶν
251 1706 366 1792 ἐθέλη,
389 1702 468 1782 τούς
491 1701 522 1769 δ’
544 1695 622 1771 αὖτε
645 1705 701 1771 καὶ
723 1700 921 1788 ὑπνώοντας
945 1705 1076 1788 ἐγείρει·

132 1827 188 1894 καὶ
211 1831 387 1914 παρορμᾶν
410 1825 474 1913 γὰρ
498 1828 623 1914 ῥαδίως
644 1826 722 1908 τοὺς
740 1827 961 1917 παρειμένους
978 1829 1035 1895 καί
1053 1854 1148 1895 κατα-

92 1951 118 1990 1⁵
134 1936 281 2003 στέλλειν
306 1931 385 2012 τοὺς
409 1934 696 2022 παρωρμημένους
721 1933 866 2013 δυνατός
894 1935 991 2002 ἐστιν.
1039 1937 1150 2002 ἐντεῶ-

132 2049 197 2107 θεν
220 2037 285 2125 ἤδη
308 2038 364 2104 καί
386 2036 466 2117 τοὺς
487 2035 640 2125 ὀνείρους
661 2039 855 2124 ἐπιπέμπειν
876 2042 968 2120 ἔδοξε
988 2041 1045 2107 καὶ
1066 2039 1148 2127 μών-

131 2171 182 2224 τις
204 2142 290 2211 εἶναι
315 2141 385 2228 [διὰ
409 2146 471 2211 τοῦ
497 2144 654 2231 τρόπου],
683 2145 814 2231 τρέπων
840 2141 885 2223 ῶς
907 2136 1063 2229 βούλεται
1090 2145 1151 2225 τὰς

133 2255 332 2336 φαντασίας·
365 2251 473 2317 εθεῶν
505 2247 537 2316 δ’
562 2247 696 2335 ἄγγελοι
723 2248 779 2315 καὶ
807 2252 843 2316 οί
863 2247 1011 2335 ὄνειροι.’
1058 2254 1093 2316 oc
1115 2248 1147 2316 δ’

133 2355 404 2444 ἀποπληροῦντες
421 2356 497 2442 περὶ
514 2354 576 2442 τὴν
600 2356 780 2441 εἰρημένην
804 2353 936 2442 ῥοίβδου
954 2353 991 2422 τὸ
1010 2359 1070 2423 τοῶ
1093 2381 1150 2441 κη-

92 2480 119 2520 20
133 2468 270 2550 ρυιιείου
293 2465 402 2549 σχῆμα
426 2460 606 2549 δράκοντες
627 2459 800 2553 σύμβολόν
825 2464 890 2544 εἰσι
909 2464 971 2528 τοῦ
992 2461 1047 2528 καὶ
1070 2460 1150 2541 τοὺς

132 2567 314 2655 θηριώδεις
349 2564 406 2635 ὑπ’
437 2564 542 2636 αὐτοῦ
573 2575 750 2654 κηλεῖσθαι
783 2566 839 2634 καὶ
870 2568 1150 2652 ιιαταθέλγεσθαι,

204 2769 229 2818 3.
250 2755 368 2816 ἐννοιῶν
387 2778 406 2815 α
425 2757 575 2830 ἐνεργειῶν
589 2762 625 2817 bc
644 2757 798 2831 ἐναργειῶν
820 2759 954 2816 Ῡῶίυίεοιι
973 2792 1006 2800 -
1025 2767 1050 2816 4.
1066 2767 1090 2816 6.
1110 2762 1148 2834 τῷ

133 2830 243 2903 καθώς]
267 2832 305 2886 τῶ
328 2827 425 2904 ὁμήρῳ
448 2828 548 2894 καθώς
571 2832 647 2904 Nst
673 2852 697 2886 τ.
721 2826 766 2901 ὁμ.
790 2828 924 2900 καθάπερ
948 2849 962 2887 ο
987 2863 1021 2871 -
1046 2839 1069 2886 5.
1096 2830 1150 2898 ἔπη

135 2903 192 2976 (ἔπι
214 2905 258 2972 Χ)
279 2885 302 2958 ί)
321 2901 393 2958 ἔπεα
413 2902 457 2958 Os.
476 2905 517 2960 ed.
538 2935 570 2942 —
585 2911 609 2958 6.
630 2899 679 2957 διὰ
698 2904 782 2957 τοῦτο
800 2920 815 2958 ι
833 2898 881 2957 διὰ
900 2903 984 2958 τοῦτο
1002 2901 1035 2957 δὲ
1052 2904 1083 2956 Χ
1100 2899 1150 2956 διὰ

133 2977 216 3031 τοῶδε
236 2970 317 3030 ιίίΝ
333 2969 381 3029 διὰ
400 2971 466 3029 τόδε
486 2973 562 3062 Νρθ
580 3005 613 3014 -
634 2981 657 3028 7.
677 2973 726 3028 κοιλ
744 2969 802 3028 ῶπό
820 2992 839 3028 οι
859 2974 910 3046 [τι]
930 2975 966 3030 bc
986 3006 1019 3014 -
1040 2980 1064 3028 8.
1085 2969 1150 3041 ἐμυ·

133 3044 278 3103 θεῶσαντσ
293 3045 339 3100 Ge
352 3074 386 3085 -
402 3046 592 3115 τυμβαλοντες
610 3044 654 3099 Θε.
669 3045 709 3100 ed.
726 3075 758 3084 —
773 3050 798 3101 9.
813 3039 895 3117 ὅπερ]
912 3040 957 3100 ὅτι
969 3063 988 3099 α
1003 3074 1037 3085 -
1053 3049 1094 3096 10.
1110 3043 1150 3113 [ιι.

134 3112 330 3188 ἐγχειρίζουσι]
349 3134 368 3170 οι
387 3146 420 3156 -
441 3121 482 3170 13.
495 3106 567 3242 χῶν]
589 3116 621 3169 Χ
643 3108 695 3186 [ῶν
719 3112 778 3187 ἐθ.]
798 3117 834 3171 bc
853 3145 887 3156 -
908 3112 985 3186 τοὺς]
1005 3133 1038 3182 τη
1057 3112 1106 3167 sed
1125 3129 1148 3168 c.

133 3205 231 3244 rasura
250 3206 282 3244 su
302 3204 334 3261 τοι
351 3206 369 3259 η
388 3186 421 3241 N
441 3187 475 3252 τῆ
539 3217 574 3227 -
593 3182 712 3256 ἐγείρειν
731 3188 746 3242 θ
767 3217 800 3227 -
825 3193 866 3241 14.
890 3182 968 3256 [γὰρ]
989 3184 1035 3240 Ge
1054 3215 1087 3223 ·-
1108 3190 1149 3238 16.

135 3255 259 3315 δυνατῶν
279 3204 355 3317 ἐστιν
374 3259 389 3313 b
409 3287 444 3298 -
465 3264 506 3313 16.
526 3256 600 3329 [καλ]
625 3277 647 3312 τ.
667 3277 690 3313 ο.
713 3257 756 3312 Οε.
776 3259 816 3313 ed.
836 3288 870 3296 -
891 3261 932 3310 17.
952 3251 999 3309 διὰ
1018 3255 1069 3309 τοῶ
1089 3252 1150 3322 τρό-

134 3350 190 3385 πον
210 3349 229 3386 α
247 3327 295 3386 διὰ
315 3328 365 3383 τυῶ
384 3324 514 3383 τοιοῶτου
532 3324 640 3397 τρόπον
660 3329 749 3399 Μ,θσ
768 3358 801 3368 -
822 3332 862 3381 19.
879 3332 921 3380 20.
944 3327 1080 3396 κηρνκίου
1102 3327 1151 3382 Xe

136 3431 169 3442 -
185 3408 227 3457 20.
243 3397 383 3472 σύμβολόν
402 3395 460 3454 ἐστι
474 3398 524 3455 Νι
539 3430 571 3439 -
586 3405 629 3454 21.
648 3397 810 3468 κηλεῖσθαι]
827 3400 991 3451 κεκλεῖσθαι
1008 3398 1039 3450 Χ
1057 3401 1152 3452 καλεῖ·

80 3508 85 3515 ι
135 3474 206 3527 σθαι
221 3471 254 3526 Ν
259 3471 315 3542 Vlc
336 3473 503 3525 συνδεῖσθαι
521 3469 596 3540 Ν,θ
615 3500 647 3510 -
668 3469 706 3540 [ιι.
727 3468 891 3538 ααταθελγ]
911 3466 938 3521 G
