2490 3848
496 221 713 278 PRAEFATIO.
1074 245 1112 290 1X

103 376 225 434 auctore
252 392 320 450 suo,
352 373 551 450 transcripsit.
596 371 697 449 Atque
730 390 765 431 eo
793 372 914 449 quidem
945 372 1023 449 loeo,
1056 393 1115 451 quo

104 461 229 523 Comuti
250 463 363 522 mentio
385 462 433 536 fit,
462 461 667 522 Theodorctus
690 460 814 537 gentilis
838 464 929 537 atque
952 461 983 520 in
1009 463 1115 540 primis
1175 460 1177 464 ’

103 569 229 628 graecae
250 552 420 629 theologiae
442 552 608 611 vanitatem
631 552 865 609 commonstrare
888 550 947 609 sibi
973 570 1118 628 proposu-

102 642 175 700 erat.
222 639 288 710 Qua
309 641 342 699 in
363 659 397 700 re
420 659 487 700 cum
510 639 631 700 eosdem
653 641 744 715 atque
762 638 911 698 Eusebius
930 658 976 714 pr.
995 659 1038 701 ev.
1057 642 1080 717 I,
1097 645 1115 702 6

101 748 129 804 p.
155 730 218 788 180
246 732 382 789 auctores
409 728 514 788 itidem
541 728 573 786 in
604 727 748 787 historiae
777 727 929 803 mythicae
961 732 993 788 et
1023 731 1117 805 philo-

102 818 224 893 sophiae
255 818 416 894 scriptores
449 816 559 877 divisos
592 815 782 876 arcessiverit
809 818 900 891 atque
926 815 1049 895 insuper
1079 820 1117 878 ad

101 905 226 966 Eusebii
252 906 364 965 librum
391 905 611 982 provocaverit,
639 921 726 964 nemo
748 904 809 962 iam
833 903 972 965 dubitare
994 907 1115 982 poterit,

102 995 174 1070 quin
201 996 267 1053 tota
294 994 358 1054 eius
386 994 607 1070 argumentatio
639 993 707 1051 inde
740 993 902 1068 repetenda
932 994 980 1054 sit.
1031 993 1117 1064 Quod

102 1085 204 1141 autem
226 1084 258 1141 in
281 1084 459 1158 scriptorum
482 1099 606 1142 numero
630 1082 668 1140 ab
692 1099 726 1140 eo
746 1082 938 1140 laudatorum
957 1083 1015 1142 duo
1033 1103 1117 1161 repe-

101 1171 234 1248 riuntur,
253 1172 306 1248 qui
324 1172 403 1247 apud
417 1171 583 1232 Eusebium
600 1189 660 1229 non
677 1173 850 1247 occurrunt,
873 1171 981 1231 Aetius
995 1172 1117 1248 inquam

102 1305 108 1319 .
133 1306 139 1319 .
165 1304 171 1318 .
195 1261 286 1336 atque
314 1259 477 1321 Cornutus:
509 1261 571 1319 iam
604 1259 708 1335 quaeri
740 1262 871 1334 oportet,
904 1261 976 1336 quid
1009 1263 1045 1320 de
1073 1262 1116 1321 eis

101 1350 263 1408 statuatur.
305 1347 454 1409 Cornutus
478 1349 597 1424 quidem
617 1347 697 1424 apud
715 1347 826 1408 Theod.
845 1348 902 1407 hoc
921 1366 979 1408 uno
998 1352 1116 1409 tantum

99 1436 164 1496 loco
188 1438 342 1512 laudatur,
366 1441 399 1498 at
421 1436 547 1497 conlatis
570 1437 643 1496 locis
665 1439 715 1510 61,
737 1440 777 1497 18
797 1455 832 1496 ac
849 1437 1009 1513 praecipue
1031 1441 1115 1515 72,8

100 1517 153 1605 (¹¹14
177 1522 210 1586 δέ
232 1546 264 1605 γε
287 1519 342 1598 ξὺν
368 1527 433 1608 Θεῷ
456 1523 542 1602 λέξω,
566 1523 599 1585 ἐκ
617 1527 675 1585 τῶν
690 1519 871 1607 Πλουτάρχῳ
886 1522 936 1584 καὶ
949 1526 1104 1608 Πορφυρί,

99 1611 150 1672 καὶ
173 1611 272 1691 μέντοι
294 1612 344 1674 καὶ
364 1608 462 1697 ’Λετίῳ
486 1610 748 1695 ξυγγεγραμμένων
769 1605 857 1693 ἐρῶ),
880 1614 989 1689 quibus
1007 1613 1115 1674 Aetius

99 1704 260 1776 praeterea
286 1703 468 1778 adpellatur,
499 1703 649 1764 addidisse
678 1702 910 1779 Theodoretum,
938 1703 974 1760 ut
1001 1703 1115 1778 scrip-

100 1793 219 1848 torum
233 1792 365 1850 seriem
379 1793 422 1850 ad
442 1810 540 1851 suam
558 1810 672 1867 usque
691 1793 849 1850 aetatem
868 1791 1113 1869 continuaret,

100 1877 225 1937 Eusebii
254 1879 439 1955 auctoribus,
471 1899 545 1954 quos
569 1899 629 1938 non
660 1879 788 1952 adierat,
821 1880 982 1954 scriptores
1014 1882 1115 1939 aetate

101 1966 160 2025 sibi
176 1965 341 2042 proximos,
364 1985 491 2042 quorum
510 1967 575 2042 ipse
597 1967 789 2041 pervolverat
807 1967 931 2043 scripta,
955 1966 1116 2026 admodum

99 2054 255 2131 probabile
283 2053 326 2115 fit.
377 2054 463 2126 Quod
492 2055 518 2114 si
540 2054 724 2128 conceditur,
757 2072 858 2114 omnes
889 2055 949 2114 iam
977 2055 1014 2114 de
1045 2056 1117 2115 libri

100 2141 243 2203 Cornutei
266 2143 366 2204 indole
389 2143 592 2203 dubitationes
615 2143 775 2202 tolluntur:
799 2143 888 2202 huius
908 2143 986 2202 enim
1006 2144 1100 2203 aetati

99 2233 148 2292 vel
172 2233 293 2308 elegans
317 2235 365 2292 est
387 2232 607 2307 compendium,
630 2232 708 2306 quod
731 2231 936 2292 Theodoretus
959 2231 1041 2290 haud
1062 2233 1115 2290 im-

98 2321 207 2380 merito
230 2321 355 2396 reliquis
378 2320 478 2397 libris,
502 2338 630 2396 quorum
651 2319 790 2378 notitiam
813 2338 849 2378 ex
872 2320 1003 2380 Eusebio
1027 2321 1117 2381 habc-

98 2410 165 2485 bat,
184 2408 302 2469 adicere
316 2402 464 2485 poterati‘
492 2409 577 2467 Hanc
592 2408 821 2485 argumentandi
835 2409 982 2469 rationem
1000 2410 1116 2467 nullam

98 2497 299 2574 persuadendi
321 2497 533 2558 necessitatem
562 2496 673 2556 habere
700 2513 760 2555 non
788 2499 834 2555 est
862 2498 939 2573 quod
969 2514 1115 2559 moneam.
1199 2554 1200 2558 ,

99 2585 182 2645 Idem
209 2605 281 2646 vcro
310 2587 355 2646 vir
378 2604 456 2662 quae
478 2605 508 2661 p.
528 2588 545 2644 7
565 2586 585 2645 l.
604 2585 623 2646 l.
648 2584 684 2643 de
709 2583 840 2644 Cornuto
865 2584 1027 2663 Platonico,
1055 2606 1116 2647 non

101 2673 199 2733 Stoico
222 2677 291 2751 post
315 2673 442 2734 Galeam
465 2677 496 2733 et
526 2673 563 2733 de
590 2673 757 2749 Porphyrio
781 2673 911 2733 fortasse
938 2674 1002 2750 ipso
1026 2694 1114 2751 opus-

100 2762 160 2821 culi
177 2765 274 2822 nostri
292 2766 413 2824 auctore
436 2763 611 2839 disputavit,
635 2781 671 2820 ea
686 2761 737 2821 vix
751 2761 842 2838 digna
856 2764 926 2821 sunt
939 2766 1114 2826 memoratu.

98 2908 102 2914 s
189 2850 344 2927 Sequitur,
362 2853 398 2910 ut
411 2853 448 2912 de
467 2852 510 2912 eis
529 2850 732 2927 inscriptionis
747 2849 884 2926 opusculi
901 2850 1015 2928 verbis,
1038 2871 1115 2927 quae

98 2939 230 2998 auctoris
249 2957 359 2998 nomen
378 2943 532 3016 secuntur,
550 2958 647 3016 pauca
660 2938 753 2998 verba
765 2938 919 2999 faciamus.
956 2939 1014 2999 Hic
1026 2941 1114 3001 nobis

97 3028 174 3087 illud
197 3028 278 3087 haud
301 3027 376 3088 levis
399 3029 542 3088 momenti
565 3027 684 3088 videtur
707 3044 785 3105 csse,
809 3027 889 3104 quod
906 3027 937 3086 in
955 3027 991 3086 N
1006 3028 1114 3105 codice,

99 3116 135 3175 de
158 3117 242 3177 ouius
265 3116 346 3177 inter
369 3116 490 3192 generis
513 3118 530 3176 h
552 3117 646 3176 libros
670 3135 761 3176 manu
785 3117 912 3192 scriptos
936 3117 1114 3176 auctoritate

98 3205 178 3263 infra
193 3206 333 3280 dicemus,
349 3205 425 3265 etin
438 3205 590 3265 nonnullis
605 3206 669 3266 eius
685 3205 856 3282 pedisequis
871 3208 993 3282 praeter
1005 3223 1114 3264 nomen

100 3287 277 3369 Kopoodsov
299 3295 384 3353 nulla
407 3294 526 3354 omnino
551 3295 648 3370 operis
671 3294 825 3369 inscriptio
849 3297 983 3370 apparet.
1030 3291 1116 3362 Quod

98 3381 226 3440 sirecte
250 3383 457 3443 aestimaveris
488 3386 578 3459 atquc
602 3383 737 3442 codicum
759 3383 923 3441 affinitates
947 3381 1114 3440 considera·

99 3468 190 3545 veris,
217 3470 306 3530 facile
328 3470 487 3549 intelleges
510 3471 735 3548 inscriptionem
758 3469 871 3550 θεωρία
893 3466 960 3548 περὶ
982 3471 1034 3544 τῆς
1055 3472 1114 3526 τῶν
