2490 3848
132 212 175 277 60
427 267 430 271 ,
524 215 748 269 ΚΟΡΝΟἹὝΟΤ

130 352 273 441 κομιδὴν
297 360 357 423 τού
380 359 511 442 καρποῦ
534 356 589 424 καὶ
612 354 726 436 άλλοις
743 354 910 437 τοιούτοις
928 354 1092 443 ὀργάνοις.
1124 355 1142 425 ὁ

132 459 170 527 δὲ
192 459 322 547 θύρσος
345 463 499 548 ἐμφαίνει
518 461 555 530 τὸ
575 460 619 549 μὴ
638 459 815 548 άρκεϊσθαι
833 476 903 542 τοῖς
922 464 1050 530 ἑαυτῶν
1064 463 1144 530 ποσὶ

27 605 31 618 ι
99 639 102 644 Δ
131 563 209 645 τούς
234 565 342 634 πολύν
370 565 465 635 οἶνον
493 571 666 653 πίνοντας,
694 571 761 634 τῶν
791 565 822 635 δ’
847 565 1143 656 ύποστηριούντων

132 670 253 752 αύτούς
277 676 420 740 δεῖσθαι.
464 671 552 750 τινὲς
580 671 617 740 δὲ
643 675 710 740 τῶν
738 671 879 759 θύρσων
907 675 962 742 καὶ
990 677 1144 762 ἐπιδορα-

104 782 225 858 ετίδας
241 781 469 865 κρυπτομένας
487 775 552 846 ὑπὸ
570 786 639 858 τοϊς
661 779 802 864 φύλλοις
821 785 954 866 ἔχουσιν
977 777 1069 847 ύσάν
1088 780 1143 846 καὶ

132 883 350 971 ὀδυνηφόρου
372 881 465 963 τινὸς
487 880 560 951 ἐσθ’
583 881 637 952 ὅτε
659 887 891 972 κρυπτομένου
911 888 951 974 τῇ
974 884 1063 970 παρὰ
1082 885 1158 971 τὴν

131 995 340 1059 πολυποσίαν
359 989 529 1078 ἱλαρότητι
551 995 599 1070 είς
615 989 730 1078 ὕβρεις
749 993 849 1059 ἐνίων
874 993 929 1059 καὶ
951 991 1145 1079 παρακοπάς

132 1095 375 1182 ἐμπιπτόντων,
389 1094 449 1182 ἀφ’
463 1087 505 1164 ού
519 1095 560 1181 δὴ
576 1095 738 1183 μαινόλης
752 1121 786 1162 τε
801 1092 819 1163 ὁ
832 1096 1003 1177 Διόνυσος
1017 1096 1143 1184 ἐκλήθη

130 1203 186 1269 καὶ
209 1201 384 1281 Μαινάδες
411 1205 448 1269 αί
473 1201 548 1289 περὶ
571 1199 675 1269 αὐτὸν
698 1214 861 1286 γυναῖκες.
908 1201 1080 1270 πλάττεται
1107 1202 1144 1269 δὲ

91 1326 117 1368 1⁰
131 1308 186 1375 καὶ
209 1309 285 1387 νέος
310 1309 366 1375 καὶ
393 1306 579 1395 πρεσβύτης
601 1305 657 1374 διὰ
679 1305 717 1374 τὸ
739 1308 828 1395 πάση
855 1303 967 1396 ἡλικία
994 1306 1144 1394 πρόσφο-

41 1430 46 1439 ’
131 1439 189 1500 ρος
212 1411 314 1498 εἶναι,
337 1416 405 1481 τῶν
428 1412 488 1499 μὲν
513 1413 600 1481 νέων
618 1410 824 1500 λαβρότερον
843 1410 933 1502 αὐτῷ
951 1412 1145 1498 χρωμένων,

131 1523 198 1587 τῶν
227 1518 264 1586 δέ
291 1518 525 1606 πρεσβυτέρων
552 1517 659 1605 ἥδιον.
708 1520 744 1586 οἱ
770 1518 807 1586 δέ
834 1517 984 1606 Σάτυροι
1013 1537 1144 1606 παρεισ-

132 1624 271 1711 άγονται
293 1637 365 1703 ταῖς
386 1623 535 1711 νύμφαις
558 1622 811 1711 ἐπιμιγνύμενοι
833 1624 888 1691 καὶ
911 1621 969 1702 τάς
990 1622 1054 1711 μὲν
1076 1649 1144 1691 πει-

132 1734 264 1817 ρῶντες,
287 1729 346 1809 τάς
368 1729 405 1798 δὲ
428 1728 508 1816 μετά
534 1733 671 1808 παιδιάς
693 1729 882 1816 βιαζόμενοι
905 1733 950 1821 τῷ
975 1727 1036 1817 την
1063 1727 1146 1817 πρὸς

91 1852 117 1894 1⁵
131 1833 168 1903 τὸ
187 1833 280 1922 ύδοορ
299 1840 420 1921 κρᾶσιν
437 1839 500 1903 τοῦ
519 1845 616 1903 οἴνου
638 1842 821 1922 συυῶφθαι
844 1841 1010 1923 χρησίμην
1029 1833 1145 1903 ούσαν.

130 1939 187 2021 τάς
207 1940 244 2008 δέ
261 1940 443 2026 παρδάλεις
460 1938 722 2026 ὑποζευγνύουσι
740 1945 786 2032 τῷ
807 1940 968 2032 Διονύσῳ
986 1941 1042 2009 καὶ
1063 1965 1145 2025 παρ-

131 2045 385 2125 ακολουθούσας
414 2046 608 2133 εἰσάγουσιν
639 2045 712 2132 ἤτοι
746 2044 801 2114 διά
833 2046 871 2115 τὸ
902 2053 1056 2115 ποικίλον
1089 2052 1146 2133 τῆς

130 2155 262 2237 χροιάς,
295 2149 340 2230 ὡς
366 2150 422 2226 ,καὶ
448 2155 588 2238 νεβρίδα
616 2149 717 2230 αύτός
747 2178 782 2220 τε
811 2157 986 2238 περιῆπται
1018 2153 1074 2219 καὶ
1111 2155 1147 2218 αί

131 2255 272 2342 Βάκχαι,
300 2252 390 2343 ἢὼς
411 2256 467 2324 καὶ
489 2254 529 2323 τά
555 2254 742 2343 άγριωτατα
770 2255 839 2341 ἤθη
867 2260 926 2341 τῆς
956 2258 1146 2343 συμμέτρου

91 2381 117 2421 2⁰
132 2361 299 2441 οἰνώσεως
321 2361 550 2449 ἐξημερούσης.
595 2359 656 2429 τὸν
685 2360 722 2427 δὲ
749 2360 874 2446 τράχον
901 2359 991 2452 αύτῷ
1019 2360 1146 2429 θύουσι

30 2469 33 2474 ’
132 2466 187 2534 διά
210 2466 248 2534 τὸ
272 2465 475 2554 λυμαντικὸν
499 2471 611 2535 δοκεῖν
633 2470 701 2534 τῶν
726 2463 879 2554 ἀμπέλων
907 2467 962 2533 καὶ
990 2471 1058 2535 τύυ
1088 2487 1145 2535 συ-

130 2576 200 2640 κῶν
224 2569 431 2640 εἶναιτοῦτο
455 2572 491 2640 τὸ
516 2577 614 2664 ζῷον,
637 2573 725 2641 καθὸ
748 2573 803 2641 καὶ
827 2573 1016 2661 ἐκδέροντες
1039 2571 1145 2641 αὐτὸν

131 2681 178 2756 είς
200 2677 261 2745 τὸν
283 2675 388 2746 άσκὸν
412 2663 618 2747 ἐνάλλονταί
632 2677 714 2746 κατά
733 2677 792 2759 τὰς
810 2676 956 2757 Ἀττικὰς
977 2676 1089 2767 κοίμας
1113 2682 1149 2746 οί

131 2784 273 2870 γεωργοὶ
293 2787 472 2851 νεανίσκοι.
503 2782 585 2870 τάχα
605 2785 641 2853 δὲ
663 2781 707 2852 άν
729 2791 840 2872 χαίροι
859 2785 999 2878 τοιούτφ
1019 2784 1146 2873 θύματι

91 2885 149 2958 2ῡὸ
175 2888 347 2970 Διόνυσος
370 2887 426 2957 διά
453 2887 490 2957 τὸ
520 2887 692 2976 ὀχευτικὸν
716 2889 802 2959 εἶναι
829 2889 889 2959 τὸν
916 2891 1057 2979 τράχον,
1084 2888 1143 2976 ἀφ’

130 3012 200 3070 Xon.
210 3013 283 3070 Hell.
294 3019 319 3082 3,
335 3016 378 3084 12)
394 3009 489 3068 αὐτῶν
503 3015 542 3069 ab
556 3009 645 3069 αύτού
659 3014 722 3087 Ngc
737 3045 770 3055 -
786 3033 813 3084 p.
829 3021 872 3084 59,
886 3019 929 3069 24.
944 3010 1113 3136 παράχπερὶ
1128 3031 1147 3068 ο

132 3115 165 3124 -
185 3091 209 3139 3.
228 3078 469 3173 ύποστηριζόντων
490 3084 534 3140 08.
548 3087 589 3140 ed·
610 3116 641 3125 -
662 3090 686 3140 5.
705 3080 761 3140 ύπὸ
781 3085 837 3139 τῶν
857 3082 968 3152 φύλλων
985 3085 1011 3136 L
1040 3085 1095 3153 1bc
1109 3114 1143 3124 —

132 3151 169 3216 ὡς
187 3148 223 3208 άν
242 3151 309 3226 a'V⁹
330 3175 368 3217 ως
386 3156 436 3211 zbc
459 3187 492 3197 -
514 3161 538 3210 6.
557 3151 810 3226 ύποιιρυπτομένου
829 3152 893 3226 a'V2
917 3187 948 3196 -
974 3161 998 3210 7.
1018 3159 1042 3210 8.
1068 3150 1144 3207 ἐκπι-

131 3222 258 3281 πτόντων
274 3225 317 3280 Οε.
332 3228 373 3281 ed.
393 3257 424 3266 —
446 3231 469 3280 8.
486 3223 627 3297 μαινάλης
644 3245 674 3281 τε
694 3222 709 3280 ὁ
729 3228 755 3284 δ.
770 3223 837 3297 a'V‚
858 3221 992 3295 μαινόλης
1010 3219 1106 3293 (πύλης
1125 3226 1146 3293 λ)

130 3314 160 3350 τε
176 3296 224 3350 καὶ
239 3291 253 3350 ὁ
269 3299 294 3352 δ.
314 3297 344 3352 zb
363 3296 412 3351 καλ
431 3291 594 3366 μαινάληςδ
610 3298 634 3350 δ.
650 3313 712 3352 ι-
729 3302 770 3351 13.
785 3294 859 3366 [καὶ]
878 3290 929 3356 τάς
947 3292 999 3364 μὲν
1013 3313 1042 3348 π.
1057 3294 1144 3350 Schm.

131 3396 165 3405 -
182 3371 222 3422 15.
241 3367 393 3436 συνύφθαι
406 3367 489 3437 Lcmq
507 3365 656 3456 συνῆφθαι
672 3367 695 3420 0
709 3396 743 3407 -
759 3372 800 3421 16.
819 3360 1027 3433 ύποζευχνύοισι
1044 3365 1087 3420 Os.
1105 3368 1144 3420 ed.

133 3463 165 3474 —
186 3442 228 3491 18.
248 3431 334 3499 αύτὸς
353 3437 409 3508 [τε]
427 3453 442 3492 ο
460 3467 493 3476 -
515 3442 555 3492 19.
576 3457 593 3506 η
614 3432 651 3499 ὥς
670 3436 742 3508 [καὶ]
762 3433 788 3491 ω’
804 3467 835 3476 -
856 3441 899 3489 24.
918 3438 1001 3506 χαίρῃ
1021 3437 1051 3491 lb
