2490 3848
130 216 177 280 40
528 213 755 267 KOPNOTTOT

135 357 366 443 ἐξεληλακέναι
384 357 440 440 καὶ
453 353 667 445 ιύνηρηαέυαι
686 353 808 435 αύτούς
826 351 870 434 ὥς
892 355 1074 436 τοσούτους
1091 359 1149 422 δο·

132 476 218 530 κείν·
246 459 375 537 ἀλλοῖοι
398 461 463 551 γὰρ
485 459 585 530 αύτοί
603 458 632 528 τ’
658 462 694 528 ἐκ
716 463 900 548 μεταβολῆς
919 464 1072 548 ἐγένοντο
1091 463 1148 529 καλ

133 571 170 637 οί
189 569 364 655 γεγονότες
387 571 420 651 έξ
444 566 555 637 αύτύν
574 568 858 654 συμπολισδέντες
880 564 944 635 ύττδ
968 573 1026 657 τῆς
1044 576 1148 636 Πολι-

134 674 218 756 οίδος
238 672 392 763 Ἀθηνᾶς
624 692 629 700 ’

104 803 120 844 ι
201 805 227 849 ο.
250 786 303 851 21.
334 780 452 849 ’Ἁλλοι
475 781 513 848 δὲ
535 780 611 868 περὶ
633 779 673 849 τὰ
696 780 857 868 πολεμικὰ
882 780 1149 870 ἀναστρέφονται

114 888 211 955 -θεολ
234 884 353 974 μηκέθ’
380 883 504 975 ὁμοίως
526 890 587 956 τού
611 884 798 968 εὐσταθοῦς
819 888 875 955 καί
897 892 958 956 τοῦ
986 886 1068 956 κατὰ
1093 886 1149 955 λό-

136 1018 200 1078 γον
219 993 470 1081 στοχαζόμενοι,
488 995 774 1079 ταραχωδέστεροι
793 995 833 1062 δέ
844 1019 928 1079 πως,
948 992 967 1062 ὅ
985 1020 1020 1062 τε
1034 993 1149 1079 ’Ἀρης

133 1101 190 1166 καί
213 1096 234 1185 ἡ
255 1097 390 1168 Ἐνυύ·
412 1101 468 1167 καί
491 1098 631 1178 τούτους
650 1095 682 1166 δ’
700 1103 832 1184 εἰσῆγεν
851 1103 898 1178 είς
916 1099 955 1167 τὰ
974 1101 1150 1189 πράγματα

134 1202 153 1272 ὁ
178 1204 263 1284 Ζεύς
285 1207 440 1292 ἐρεθίσας
462 1202 536 1271 κατ’.
556 1201 709 1289 ἀλλήλοιν
733 1202 773 1271 τὰ
797 1206 863 1294 ζῷα
885 1205 941 1271 καί
965 1203 1027 1273 ούιι
1049 1205 1150 1292 ίίηρη-1

92 1333 121 1375 ιο
134 1329 216 1379 στου
243 1307 323 1378 ούδδ
349 1323 418 1389 τοῖς
445 1308 641 1398 ἀνθρώποις
664 1306 738 1378 ἔσθ’
764 1308 850 1378 ὅπου
877 1309 940 1396 τὴν
964 1309 1009 1377 δι’
1035 1308 1150 1378 ὅπλων

134 1415 303 1504 διάκρισιν
327 1414 495 1502 έμβαλύν,
523 1418 581 1482 ’ίυα
603 1441 638 1483 τε
662 1414 699 1484 τὸ
723 1427 883 1501 γενναίου
909 1415 965 1482 καί
988 1412 1149 1501 ιἰυδρείον

133 1520 235 1590 αύτοί
255 1527 316 1607 [τε]
342 1523 379 1590 ἐν
407 1523 538 1601 ἑαυτοῖς
559 1527 619 1589 καί
638 1548 676 1607 γε
698 1518 748 1590 ἐπ’
774 1518 940 1607 ἀλλήλους
958 1519 999 1614 τὸ
1025 1525 1150 1589 οίιιείον

134 1632 192 1715 της
210 1619 346 1716 εἰρήνης
368 1632 404 1697 εὖ
423 1627 631 1716 ἆσμενίζοισι.
664 1625 721 1695 διίι
737 1625 862 1714 ταύτην
875 1626 938 1713 μὲν
957 1619 1020 1695 οὖν
1039 1633 1151 1695 αἰτίαν

136 1732 223 1813 Διὸς
236 1732 310 1814 υίὸς
323 1735 379 1801 καὶ
394 1731 525 1822 ὁ”Λρης
538 1736 763 1821 παραδέδοται
779 1731 834 1817 [ού
848 1731 919 1800 κατ’
932 1731 1038 1801 ἄλλον
1047 1732 1151 1820 λόγον

95 1865 122 1906 ιι
137 1835 159 1926 ἢ
173 1839 229 1906 καὶ
244 1836 482 1927 ὀβριμοπάτρις
492 1838 513 1926 ἡ
524 1837 680 1927 Ἀθηνᾶ]·
693 1840 769 1925 περὶ
781 1839 818 1908 δὲ
827 1844 886 1926 της
896 1837 1037 1919 Ἐνυοῦς
1047 1843 1082 1908 οί
1090 1839 1152 1926 μὲν

135 1944 182 2028 ὡς
195 1947 334 2035 μητρός,
359 1950 394 2015 οί
410 1944 441 2014 δ’
459 1944 505 2026 ὡς
517 1946 700 2033 θυγατρός,
720 1949 755 2014 οί
771 1943 803 2012 δ’
825 1943 870 2026 ὣς
887 1950 1016 2034 τροφοῦ
1027 1943 1152 2032 ’Ἁρεως

137 2054 368 2139 διαφέρονται,
384 2054 604 2139 διαφέροντος
614 2050 730 2120 οὐδὲν·
743 2049 850 2120 Ἐνυώ
860 2051 924 2140 γάρ
939 2043 1066 2138 ἐστινὴ
1086 2054 1152 2119 ένο-

136 2172 210 2226 εἴσα
219 2156 335 2244 θυμὸν
347 2158 403 2224 καί
412 2155 518 2243 ύλιιὴυ
529 2169 599 2235 τοϊς
612 2158 812 2243 μαχομένοις
825 2153 927 2242 ἥττον’
937 2154 1152 2243 εὐφημισμὸν

136 2262 202 2332 ιἰπό
213 2266 275 2332 τοῦ
286 2263 406 2350 ἥκιστα
419 2260 519 2348 ένηης
531 2262 587 2329 καὶ
602 2259 745 2347 ἐπιεικὴς
759 2258 846 2328 εἶναι
861 2258 1107 2347 <ύνόμασται>.
1131 2259 1149 2329 ὁ

95 2393 123 2433 το
137 2367 169 2439 δ’
185 2367 288 2458 ’Ἁρης
310 2368 374 2455 τὴν
395 2364 581 2456 ὀνομασίαν
600 2372 700 2455 ἔσχεν
718 2364 783 2434 ἀπὸ
806 2370 868 2434 τοῦ
887 2369 995 2454 αίρείν
1014 2367 1069 2434 καὶ
1091 2364 1151 2434 οἷν·
1191 2425 1193 2429 ,

212 2499 235 2547 1.
255 2499 280 2547 2.
299 2488 337 2555 ὥς
376 2488 394 2561 ὴ
412 2487 559 2553 τοιούτους
577 2493 602 2546 δ.
618 2485 659 2547 b'c
677 2508 745 2545 ωοτε
765 2485 911 2554 τοιούτους
929 2486 967 2560 μὴ
986 2492 1046 2545 δον.
1060 2492 1104 2562 N²
1118 2523 1152 2532 —

139 2571 164 2619 ³·
185 2559 585 2688 συναοιδοί.
599 2563 639 2686 ⁶2²·
658 2563 839 2703 (ιιιιιιιι
859 2559 998 2686 αλιι
1017 2631 1048 2688 ι

137 2699 207 2759 ούδδ
226 2675 285 2766 τοῖς
303 2654 477 2771 ἀνδρόπαις.
502 2700 560 2757 ἔστι
578 2633 697 2772 γ’ἆρμδτε
717 2698 769 2772 τὴν
787 2652 939 2776 ([τηνβλίῃ)
958 2699 999 2757 δι’
1015 2697 1109 2759 ὅπλων
1125 2706 1149 2758 δ.

138 2771 270 2846 ἐμβάλλει
289 2776 341 2843 (-οι
356 2774 394 2828 W
405 2775 432 2842 )τ
445 2803 479 2813 -·-
500 2778 541 2829 11.
561 2769 696 2846 ἐνέβαλεν
709 2774 744 2827 Ν
759 2769 783 2828 δ’
795 2805 829 2814 -
843 2774 892 2827 ἵνα
907 2773 961 2846 [τε]
981 2774 1070 2830 δολιυι.
1085 2792 1099 2830 c
1118 2807 1150 2815 —

139 2851 182 2902 12.
202 2840 286 2899 αὐτοί
301 2863 331 2900 τε
349 2844 420 2899 0-
440 2850 481 2900 13.
502 2835 535 2898 εὖ
554 2839 720 2913 ύσμενίζωσι
734 2813 818 2915 δὶαιιγ
836 2840 1037 2916 εύαομενίζωσι
1053 2846 1096 2900 Os.
1112 2848 1152 2901 ιδ.

138 2912 338 2984 ένασμενίζωσι
361 2913 430 2986 αΝ,
443 2911 467 2970 δ’
494 2911 707 2985 ένασμενίζουοι
728 2915 761 2970 N
787 2910 952 2986 εύμενίζωοι
975 2933 990 2971 ο
1013 2948 1046 2955 -
1074 2908 1152 2987 [οὖν]

136 2988 252 3042 Lbe-
270 2992 380 3043 14.15.,
404 2981 437 3041 ού
452 3007 478 3041 ιι.
493 3005 519 3041 α.
535 2989 557 3042 λ.
573 2982 721 3056 -ύθηνᾶ
748 3003 809 3042 c—
828 2983 862 3041 ού
881 2983 946 3041 κατ’
962 2983 1046 3041 ἄλλον
1068 2983 1153 3054 λόγον

136 3052 295 3147 Ιιαηφλού]
311 3052 375 3111 κατ’
391 3060 475 3146 αλλμν
489 3054 573 3146 λό’γογ
589 3058 627 3111 Μ
634 3057 662 3110 V
687 2985 813 3144 ούδμαί
829 3053 914 3145 ᾅλλρν
928 3053 1032 3126 τρόπον
1049 3056 1076 3142 {³
1091 3052 1151 3144 [ού]

137 3149 191 3183 ιιατ
222 3132 307 3184 αλλον
325 3128 390 3183 LN
409 3147 443 3182 ov
462 3147 515 3183 ιιατ
546 3132 631 3185 αλλον
678 3165 690 3199 ,
717 3147 751 3182 ου
774 3148 847 3183 ιιατα
870 3132 955 3182 αλλον
977 3126 1003 3181 G
1027 3145 1061 3180 ov
1085 3146 1138 3180 ιιατ

137 3248 206 3307 ἄλλο
220 3253 249 3307 Β
264 3252 308 3307 08.
324 3254 363 3307 ed.
379 3284 413 3293 -
429 3258 470 3307 15.
490 3248 691 3322 δβριμοτοίτρις
709 3218 759 3320 (σας
773 3251 811 3305 Μ
819 3251 855 3318 V3
876 3245 1097 3318 ὀμβριμοτιύτρις
1110 3250 1150 3321 N¹

137 3323 175 3392 L)
187 3324 248 3377 bM
256 3322 283 3375 V
298 3318 503 3410 ὀβριμοπατρία
519 3322 547 3376 Ρ
560 3352 593 3362 -
610 3328 652 3377 16.
672 3319 733 3394 [ὡς]
752 3316 854 3393 μητρός
869 3320 913 3408 0⁸,-
928 3321 967 3407 qd.
984 3350 1016 3360 -
1034 3327 1075 3375 17.
1091 3322 1153 3375 δια-

137 3389 1048 3535 &522⁹{25]“0V²-⁶{⁰5?³530132⁶5}.⁰0a†-¹⁹;÷,22²⁹53÷‚⁶⁰583¹2““‘
1070 3393 1153 3462 my
