2490 3848
505 205 702 258 ΕΠΙΔΡΟΜΗ.
1069 204 1110 269 51

98 345 223 432 πίλων,
247 347 360 435 ἐπειδὴ
382 349 464 418 κατὰ
487 347 547 417 τὸν
571 345 743 431 γεννῶντά
768 347 911 417 ἐστικαὶ
935 344 972 414 τὸ
995 345 1112 427 στάζειν

98 445 119 515 ά
142 456 247 539 γεννᾷ
272 455 423 536 [καὶτοῦ
447 452 533 532 Διὸς
556 453 716 522 ἐντεῦθεν
735 420 886 539 σωλῆρος
908 450 996 519 εἶναι
1019 460 1113 537 λεγο-

97 555 231 642 μένοο],
253 546 364 627 καὶτὸ
383 559 444 646 μὲν
462 558 661 647 πολύφορον
679 559 735 626 καὶ
753 556 907 648 καθαρὸν
922 561 959 626 αἱ
970 557 1110 644 άμπελοι

97 666 291 749 παριστᾶσι,
320 663 462 751 μάλιστα
486 664 523 732 δὲ
545 662 582 733 τδ
606 669 760 733 ποικίλον
788 665 843 759 καὶ
867 662 1035 751 ἐπιτερπὲς
1056 664 1112 730 καὶ

97 769 218 853 ῥαδίαν
241 767 302 856 την
321 770 453 854 γε’νεσιν
471 770 676 857 ποιούμενον
699 773 733 838 οί
748 773 866 856 κῆποι,
889 768 1047 854 τοιαύτην
1067 765 1139 848 ύςε

97 874 217 941 ἐπίπαν
241 872 347 942 αύτοῦ
369 875 424 942 καὶ
447 873 508 961 τὴν
537 876 662 960 ἐσθῆτα
690 881 833 962 ἔχοντος.
880 874 1048 961 δρέπανον
1074 873 1112 942 δὲ

97 980 133 1045 ἐν
156 982 196 1065 τῇ
221 980 312 1069 δεξιᾷ
334 980 419 1067 χειρλ
442 986 608 1066 προτείνει
626 979 769 1066 πότερον
789 980 858 1048 ἐπεὶ
877 979 985 1069 τούτῳ
1003 982 1112 1065 χρῶν-

95 1106 149 1149 ται
172 1082 255 1170 πρὸς
277 1081 338 1170 τὴν
360 1084 530 1172 κάθαρσιν
553 1089 621 1152 τῶν
644 1083 801 1172 ἀμπέλων
822 1081 842 1171 ἢ
862 1085 931 1153 ἐπεὶ
948 1083 1031 1151 κατὰ
1051 1082 1112 1152 τὸν

95 1186 262 1273 τηροῦντα
291 1194 327 1254 τί
353 1191 424 1276 ἐστι
451 1191 507 1257 καὶ
537 1196 776 1258 καθωπλίσθαι
808 1188 892 1276 πρὸς
924 1186 1112 1274 ἀσφάλειαν

95 1289 200 1360 αύτοῦ
223 1289 244 1378 ἢ
268 1289 313 1373 ὡς
334 1297 392 1379 τῆς
415 1293 518 1380 αύτῇς
537 1295 710 1382 δυνάμεως
732 1293 813 1382 μετὰ
836 1293 874 1364 τδ
898 1295 1046 1380 ἐνεγκεῖν
1068 1293 1109 1362 τδι
1125 1318 1151 1358 ιο

95 1395 177 1465 ὅντα
200 1399 421 1486 ἐκτεμνούσης
438 1399 523 1469 αὐτοὶ
541 1401 597 1468 καὶ
616 1400 841 1488 φθειρούσης,
856 1440 893 1450 -
912 1398 1055 1485 Ἀγαθδς
1073 1400 1112 1469 δὲ
1190 1388 1195 1399 “

94 1509 236 1590 Δαίμιον
260 1502 334 1590 ἤτοι
356 1504 459 1572 πάλιν
482 1502 499 1573 ὁ
524 1505 649 1592 κόσμος
675 1507 743 1573 ἐστι
774 1511 907 1592 βρῶσιν
931 1505 986 1572 καλ
1010 1503 1110 1585 αύτδς

93 1622 163 1687 τοῖς
189 1623 329 1694 καρποῖς
356 1606 376 1697 ἢ
405 1606 422 1679 ὁ
452 1609 623 1697 προεστιδς
649 1607 753 1679 αύτού
778 1612 894 1695 λόγος,
920 1608 1000 1677 καθ’
1027 1609 1136 1700 ὅσον

95 1717 239 1781 δατεῖται
268 1716 324 1782 καὶ
348 1719 525 1803 διαμερίζει
557 1715 595 1783 τὸ
624 1715 804 1802 ἐπιβάλλον
833 1712 962 1800 ἀγαθὸς
990 1717 1111 1803 διατρί-

93 1843 151 1905 της
173 1816 343 1906 ὑπάρχων.
388 1820 575 1908 προστάτης
598 1821 634 1889 δὲ
661 1822 716 1889 καὶ
744 1821 855 1909 σωτὴρ
882 1825 951 1890 τῶν
975 1824 1108 1888 οἰκείων
1124 1843 1151 1884 ιε
1204 1860 1207 1865 2

93 1924 163 1992 ἐστὶ
184 1929 230 2015 τῷ
255 1923 372 2004 σύζειν
394 1928 502 2004 καλῶς
524 1923 585 1994 τὸν
608 1930 697 1994 ίδιον
722 1925 816 1996 οίκον
844 1928 899 1994 καὶ
921 1923 1110 2012 ὑπόδειγμα

93 2031 249 2116 παρέχειν
276 2028 397 2097 ἑαυτὸν
425 2030 481 2098 καὶ
510 2045 581 2111 τοῖς
610 2029 731 2111 άλλοις.
776 2030 814 2101 τὸ
847 2031 884 2100 δὲ
911 2035 971 2118 τῆς
994 2029 1110 2118 ’Λμαλ-

93 2139 188 2214 θείας
216 2136 315 2221 κέρας
342 2139 467 2203 οίκεϊον
497 2134 586 2227 αὐτῷ
614 2135 751 2223 φόρημά
781 2140 887 2223 ἐστιν,
918 2139 955 2205 ἐν
985 2128 1012 2228 ᾦ
1042 2135 1111 2225 ἅμα

92 2239 200 2308 πάντα
229 2237 386 2326 άλδήσκει
409 2238 449 2308 τά
477 2241 560 2310 κατὰ
582 2239 662 2322 τούς
689 2247 835 2322 οίκείους
862 2242 1001 2329 καιρούς
1026 2242 1110 2329 φύο-

91 2370 191 2431 μενα,
215 2342 289 2413 ἀλλ’
314 2342 355 2414 ού
378 2345 452 2432 περὶ
476 2348 513 2413 ἕν
536 2372 567 2413 τι
591 2344 680 2438 αύτῷ
703 2346 881 2433 γινόμενα,
904 2348 980 2436 περὶ
1002 2339 1108 2416 πολλά
1123 2367 1149 2408 20

93 2450 130 2517 δδ
152 2447 289 2536 άθρόοος
311 2451 367 2518 καὶ
389 2455 539 2538 ποικίλα,
562 2458 581 2535 ἢ
606 2453 674 2520 ἐπεὶ
695 2450 899 2540 ἐμπεριόδιος
921 2450 1107 2538 άμαλδύνει
1129 2537 1137 2550 Ι

165 2668 188 2715 1.
212 2661 261 2716 καλ
280 2658 353 2716 κατὰ
372 2657 422 2716 τὸν
459 2664 585 2717 εννύνια
604 2659 678 2718 α’-
698 2668 722 2717 2.
741 2662 790 2718 καλ
809 2659 898 2718 αύτού
918 2659 989 2726 Διὸς
1008 2665 1052 2721 08.
1073 2696 1107 2705 -

92 2728 184 2799 σωτὴρ
204 2729 277 2786 εἷναι
295 2730 407 2802 λέγεται
454 2734 570 2790 erardus
591 2732 702 2789 Vossius
720 2765 754 2775 -
778 2742 803 2790 6.
827 2730 922 2789 αύτῶν
940 2733 1050 2810 ΝῙΙᾸῙ1
1072 2763 1128 2776 —>

92 2861 117 2910 8.
137 2850 328 2922 διακάθαρσιν
349 2856 393 2910 Os.
408 2857 448 2910 ed.
472 2887 506 2896 -
526 2863 550 2910 9.
569 2853 765 2911 καδύπλισται
782 2858 810 2912 lc
828 2825 1008 2912 καθωπλίδδιι
1026 2857 1060 2912 Ν
1073 2888 1107 2898 -

93 2931 135 2982 10.
151 2921 188 2988 ὡς
201 2926 251 2994 τῆς
264 2921 352 2994 αύτῆς
366 2925 404 2978 Μ
410 2925 445 2997 V²
462 2923 525 2982 ἐπεὶ
538 2927 589 2993 τῆς
603 2922 692 2996 αύτῆς
703 2927 731 2980 Ρ
746 2922 784 2990 ὡς
797 2928 847 2997 τῆς
860 2925 993 3013 τοιαύτης
1007 2929 1057 2983 λδο
1073 2958 1106 2968 -

93 3003 135 3050 14.
155 2999 282 3050 δατεῑται
301 2991 366 3067 a'V²
386 2997 478 3050 δεῖται
498 2999 557 3065 (δεῖ
572 3015 603 3052 τε
616 2997 715 3068 N,B‚)
731 2998 783 3054 zbe
801 3028 835 3037 -
856 3005 897 3055 15.
915 2994 993 3066 ύπαρ
1012 3018 1039 3054 ει
1057 2999 1107 3067 (-ει

90 3066 108 3121 i.
128 3067 147 3120 l.
167 3084 204 3122 er.
223 3066 262 3135 B)
276 3063 347 3137 N2b'
369 3097 401 3106 -
423 3072 464 3121 17.
483 3064 600 3136 παρέχει
613 3067 689 3140 N,B
703 3098 736 3108 —
752 3074 793 3126 18.
813 3067 930 3139 φόρημα
947 3067 973 3124 α’
1005 3107 1016 3138 2
1035 3065 1106 3138 φρό-

91 3132 238 3207 νημαλδο
255 3143 356 3214 -λθ,
375 3132 436 3191 ἀλλ’
458 3133 491 3192 ού
515 3138 581 3208 περὶ
604 3136 635 3193 ἕν
653 3157 680 3192 τι
716 3139 766 3192 καὶ
788 3135 823 3194 άλ
846 3141 898 3196 lac.
922 3157 987 3209 περι
1008 3139 1060 3194 lae.
1081 3138 1107 3193 G

92 3238 126 3246 -
140 3202 235 3264 αύτῶν
248 3207 288 3278 N¹
297 3209 323 3261 L
337 3203 426 3262 αύτδν
441 3224 455 3263 ο
469 3238 503 3248 -
517 3204 654 3278 γινόμενα
698 3208 739 3278 Νη
753 3207 896 3299 ηενόμενα
909 3209 937 3262 Β
955 3205 1106 3277 γινόμενον

94 3277 157 3332 λΝτ
175 3277 325 3349 γινομένου
344 3275 412 3349 a'V‚
432 3309 464 3318 -
489 3284 531 3333 21.
551 3277 601 3333 καλ
618 3282 731 3334 ποικίλα
749 3299 767 3348 η
782 3280 865 3350 Ιιαιιμ
883 3300 908 3335 κ.
927 3280 1040 3333 ποικίλα
1060 3272 1106 3402 [δὲ

98 3347 165 3403 Par.
186 3354 255 3403 3052
274 3349 323 3404 καὶ
341 3350 476 3404 ποικίλλει
500 3351 633 3420 (ποικίλει
645 3351 680 3406 Ν
693 3350 820 3413 ποικίλος
838 3351 876 3404 Μ
892 3351 1017 3404 ποικιλία
1036 3349 1062 3418 ο)

94 3420 142 3471 καὶ
160 3421 296 3474 ποικίλλει
314 3417 398 3474 πάλιν
413 3419 501 3476 Schm.
518 3451 550 3461 -
566 3426 608 3476 21.
629 3416 692 3477 ἐπεὶ
706 3440 728 3477 ε.
743 3415 768 3475 α’
779 3419 813 3492 V,
834 3416 922 3491 [ἐπεὶ]
939 3438 961 3476 ε.
974 3419 1008 3474 Ν
1010 3421 1038 3474 λο
1056 3419 1122 3485 καὶ,

907 3509 945 3561 4*
