<?xml version="1.0" encoding="UTF-8"?>
<!DOCTYPE html PUBLIC "-//W3C//DTD XHTML 1.0 Transitional//EN"
    "http://www.w3.org/TR/xhtml1/DTD/xhtml1-transitional.dtd">
<html xmlns="http://www.w3.org/1999/xhtml" xml:lang="en" lang="en">
 <head>
  <title>
</title>
<meta http-equiv="Content-Type" content="text/html;charset=utf-8" />
  <meta name='ocr-system' content='tesseract 3.04.00' />
  <meta name='ocr-capabilities' content='ocr_page ocr_carea ocr_par ocr_line ocrx_word'/>
</head>
<body>
  <div class='ocr_page' id='page_1' title='image "./cornvtitheologi00corngoog/cornvtitheologi00corngoog_0094.png"; bbox 0 0 2490 3848; ppageno 0'>
   <div class='ocr_carea' id='block_1_1' title="bbox 496 247 1104 313">
    <p class='ocr_par' dir='ltr' id='par_1_1' title="bbox 496 247 1104 313">
     <span class='ocr_line' id='line_1_1' title="bbox 496 247 1104 313; baseline 0 -15"><span class='ocrx_word' id='word_1_1' title='bbox 496 247 696 300; x_wconf 78' lang='lat' dir='ltr'><strong>EmAPOMH.</strong></span> <span class='ocrx_word' id='word_1_2' title='bbox 1063 247 1104 313; x_wconf 80' lang='grc' dir='ltr'><strong><em>ςη</em></strong></span> 
     </span>
    </p>
   </div>
   <div class='ocr_carea' id='block_1_2' title="bbox 83 386 1171 1960">
    <p class='ocr_par' dir='ltr' id='par_1_2' title="bbox 83 386 1171 1960">
     <span class='ocr_line' id='line_1_2' title="bbox 86 386 1106 476; baseline 0 -20"><span class='ocrx_word' id='word_1_3' title='bbox 86 387 257 476; x_wconf 88' lang='grc' dir='ltr'><strong><em>ρεύοντες,</em></strong></span> <span class='ocrx_word' id='word_1_4' title='bbox 280 386 394 473; x_wconf 78' lang='grc' dir='ltr'><strong><em>ἐπειδὴ</em></strong></span> <span class='ocrx_word' id='word_1_5' title='bbox 414 386 590 475; x_wconf 89' lang='grc' dir='ltr'><strong><em>χρυσωπός</em></strong></span> <span class='ocrx_word' id='word_1_6' title='bbox 613 389 682 456; x_wconf 89' lang='grc' dir='ltr'><strong><em>έστι</em></strong></span> <span class='ocrx_word' id='word_1_7' title='bbox 700 388 757 455; x_wconf 79' lang='grc' dir='ltr'><strong><em>καὶ</em></strong></span> <span class='ocrx_word' id='word_1_8' title='bbox 776 391 837 469; x_wconf 77' lang='grc' dir='ltr'><strong><em>ἔξω</em></strong></span> <span class='ocrx_word' id='word_1_9' title='bbox 855 391 1005 469; x_wconf 98' lang='grc' dir='ltr'><strong><em>πένθους</em></strong></span> <span class='ocrx_word' id='word_1_10' title='bbox 1022 400 1106 457; x_wconf 59' lang='grc' dir='ltr'><strong><em>καθ-Δ</em></strong></span> 
     </span>
     <span class='ocr_line' id='line_1_3' title="bbox 85 491 1106 583; baseline 0.001 -20"><span class='ocrx_word' id='word_1_11' title='bbox 85 491 187 573; x_wconf 74' lang='grc' dir='ltr'><strong><em>εστὼς</em></strong></span> <span class='ocrx_word' id='word_1_12' title='bbox 206 492 263 561; x_wconf 86' lang='grc' dir='ltr'><strong><em>διδι</em></strong></span> <span class='ocrx_word' id='word_1_13' title='bbox 286 492 348 581; x_wconf 79' lang='grc' dir='ltr'><strong><em>τὴν</em></strong></span> <span class='ocrx_word' id='word_1_14' title='bbox 368 491 566 581; x_wconf 80' lang='grc' dir='ltr'><strong><em>διννότητα]·</em></strong></span> <span class='ocrx_word' id='word_1_15' title='bbox 585 493 724 579; x_wconf 65' lang='grc' dir='ltr'><strong><em>’Δήλιον</em></strong></span> <span class='ocrx_word' id='word_1_16' title='bbox 745 494 783 562; x_wconf 74' lang='grc' dir='ltr'><strong><em>δέ</em></strong></span> <span class='ocrx_word' id='word_1_17' title='bbox 801 493 904 563; x_wconf 87' lang='grc' dir='ltr'><strong><em>αὐτόν</em></strong></span> <span class='ocrx_word' id='word_1_18' title='bbox 924 493 1106 583; x_wconf 77' lang='grc' dir='ltr'><strong><em>ὠνόμασαν</em></strong></span> 
     </span>
     <span class='ocr_line' id='line_1_4' title="bbox 84 596 1171 685; baseline 0.001 -16"><span class='ocrx_word' id='word_1_19' title='bbox 84 602 141 669; x_wconf 83' lang='grc' dir='ltr'><strong><em>καὶ</em></strong></span> <span class='ocrx_word' id='word_1_20' title='bbox 166 606 320 667; x_wconf 77' lang='grc' dir='ltr'><strong><em>Φαναῖον</em></strong></span> <span class='ocrx_word' id='word_1_21' title='bbox 344 596 409 668; x_wconf 86' lang='grc' dir='ltr'><strong><em>ιἰπδ</em></strong></span> <span class='ocrx_word' id='word_1_22' title='bbox 436 602 496 666; x_wconf 84' lang='grc' dir='ltr'><strong><em>τοῦ</em></strong></span> <span class='ocrx_word' id='word_1_23' title='bbox 525 601 716 685; x_wconf 79' lang='grc' dir='ltr'><strong><em>δηλοῦσθαι</em></strong></span> <span class='ocrx_word' id='word_1_24' title='bbox 747 599 792 669; x_wconf 88' lang='grc' dir='ltr'><strong><em>δι’</em></strong></span> <span class='ocrx_word' id='word_1_25' title='bbox 819 600 925 680; x_wconf 80' lang='grc' dir='ltr'><strong><em>αὐτοῦ</em></strong></span> <span class='ocrx_word' id='word_1_26' title='bbox 953 600 993 669; x_wconf 84' lang='grc' dir='ltr'><strong><em>τόι</em></strong></span> <span class='ocrx_word' id='word_1_27' title='bbox 1023 600 1106 671; x_wconf 86' lang='grc' dir='ltr'><strong><em>όντα</em></strong></span> <span class='ocrx_word' id='word_1_28' title='bbox 1170 643 1171 646; x_wconf 32' lang='lat'>¹</span> 
     </span>
     <span class='ocr_line' id='line_1_5' title="bbox 83 703 1106 795; baseline -0.001 -20"><span class='ocrx_word' id='word_1_29' title='bbox 83 708 139 775; x_wconf 79' lang='grc' dir='ltr'><strong><em>καὶ</em></strong></span> <span class='ocrx_word' id='word_1_30' title='bbox 159 712 361 793; x_wconf 80' lang='grc' dir='ltr'><strong><em>φωτίζεσθαι</em></strong></span> <span class='ocrx_word' id='word_1_31' title='bbox 374 704 435 775; x_wconf 84' lang='grc' dir='ltr'><strong><em>τὸν</em></strong></span> <span class='ocrx_word' id='word_1_32' title='bbox 450 703 589 792; x_wconf 83' lang='grc' dir='ltr'><strong><em>κόσμον,</em></strong></span> <span class='ocrx_word' id='word_1_33' title='bbox 609 703 653 786; x_wconf 79' lang='grc' dir='ltr'><strong><em>ὥς</em></strong></span> <span class='ocrx_word' id='word_1_34' title='bbox 670 706 727 773; x_wconf 79' lang='grc' dir='ltr'><strong><em>καὶ</em></strong></span> <span class='ocrx_word' id='word_1_35' title='bbox 742 704 928 795; x_wconf 79' lang='grc' dir='ltr'><strong><em>Ἀναφαίου</em></strong></span> <span class='ocrx_word' id='word_1_36' title='bbox 943 705 1106 775; x_wconf 90' lang='grc' dir='ltr'><strong><em>Ἀπόλλω-</em></strong></span> 
     </span>
     <span class='ocr_line' id='line_1_6' title="bbox 83 811 1131 905; baseline -0.003 -26"><span class='ocrx_word' id='word_1_37' title='bbox 83 840 144 892; x_wconf 92' lang='grc' dir='ltr'><strong><em>νος</em></strong></span> <span class='ocrx_word' id='word_1_38' title='bbox 163 811 256 900; x_wconf 75' lang='grc' dir='ltr'><strong><em>ιἐρδν</em></strong></span> <span class='ocrx_word' id='word_1_39' title='bbox 276 811 474 898; x_wconf 77' lang='grc' dir='ltr'><strong><em>ἱδρύσαντο,</em></strong></span> <span class='ocrx_word' id='word_1_40' title='bbox 497 814 558 878; x_wconf 81' lang='grc' dir='ltr'><strong><em>τοῦ</em></strong></span> <span class='ocrx_word' id='word_1_41' title='bbox 581 812 832 898; x_wconf 82' lang='grc' dir='ltr'><strong><em>ἀναφαίνουτος</em></strong></span> <span class='ocrx_word' id='word_1_42' title='bbox 850 811 973 882; x_wconf 77' lang='grc' dir='ltr'><strong><em>πάντα·</em></strong></span> <span class='ocrx_word' id='word_1_43' title='bbox 996 812 1131 905; x_wconf 77' lang='grc' dir='ltr'><strong><em>τούτρισ</em></strong></span> 
     </span>
     <span class='ocr_line' id='line_1_7' title="bbox 86 909 1106 1007; baseline -0.001 -20"><span class='ocrx_word' id='word_1_44' title='bbox 86 917 117 987; x_wconf 88' lang='grc' dir='ltr'><strong><em>δ’</em></strong></span> <span class='ocrx_word' id='word_1_45' title='bbox 134 918 347 1007; x_wconf 75' lang='grc' dir='ltr'><strong><em>ἠκολούθησε</em></strong></span> <span class='ocrx_word' id='word_1_46' title='bbox 364 918 419 985; x_wconf 78' lang='grc' dir='ltr'><strong><em>καί</em></strong></span> <span class='ocrx_word' id='word_1_47' title='bbox 438 916 475 986; x_wconf 91' lang='grc' dir='ltr'><strong><em>τὸ</em></strong></span> <span class='ocrx_word' id='word_1_48' title='bbox 494 915 556 1004; x_wconf 82' lang='grc' dir='ltr'><strong><em>τὴν</em></strong></span> <span class='ocrx_word' id='word_1_49' title='bbox 571 909 690 1004; x_wconf 69' lang='grc' dir='ltr'><strong><em>Δῆλον</em></strong></span> <span class='ocrx_word' id='word_1_50' title='bbox 703 920 759 987; x_wconf 81' lang='grc' dir='ltr'><strong><em>καὶ</em></strong></span> <span class='ocrx_word' id='word_1_51' title='bbox 770 917 922 1007; x_wconf 78' lang='grc' dir='ltr'><strong><em>Ἀνάφην</em></strong></span> <span class='ocrx_word' id='word_1_52' title='bbox 938 917 1028 1007; x_wconf 86' lang='grc' dir='ltr'><strong><em>ίερόις</em></strong></span> <span class='ocrx_word' id='word_1_53' title='bbox 1047 918 1106 987; x_wconf 89' lang='grc' dir='ltr'><strong><em>αύ-</em></strong></span> 
     </span>
     <span class='ocr_line' id='line_1_8' title="bbox 83 1023 1106 1112; baseline 0 -19"><span class='ocrx_word' id='word_1_54' title='bbox 83 1028 145 1093; x_wconf 83' lang='grc' dir='ltr'><strong><em>τού</em></strong></span> <span class='ocrx_word' id='word_1_55' title='bbox 164 1028 380 1111; x_wconf 79' lang='grc' dir='ltr'><strong><em>νομισθῆναι.</em></strong></span> <span class='ocrx_word' id='word_1_56' title='bbox 405 1023 462 1091; x_wconf 81' lang='grc' dir='ltr'><strong><em>διὰ</em></strong></span> <span class='ocrx_word' id='word_1_57' title='bbox 485 1023 521 1091; x_wconf 73' lang='grc' dir='ltr'><strong><em>δὲ</em></strong></span> <span class='ocrx_word' id='word_1_58' title='bbox 537 1023 598 1092; x_wconf 91' lang='grc' dir='ltr'><strong><em>τὸν</em></strong></span> <span class='ocrx_word' id='word_1_59' title='bbox 612 1025 792 1111; x_wconf 78' lang='grc' dir='ltr'><strong><em>εἰρημένον</em></strong></span> <span class='ocrx_word' id='word_1_60' title='bbox 806 1024 1023 1112; x_wconf 88' lang='grc' dir='ltr'><strong><em>σαφηνισμδν</em></strong></span> <span class='ocrx_word' id='word_1_61' title='bbox 1036 1028 1106 1093; x_wconf 76' lang='grc' dir='ltr'><strong><em>τῶν</em></strong></span> 
     </span>
     <span class='ocr_line' id='line_1_9' title="bbox 83 1127 1106 1220; baseline 0.002 -22"><span class='ocrx_word' id='word_1_62' title='bbox 83 1129 289 1218; x_wconf 80' lang='grc' dir='ltr'><strong><em>πραγμάτων</em></strong></span> <span class='ocrx_word' id='word_1_63' title='bbox 307 1132 363 1198; x_wconf 82' lang='grc' dir='ltr'><strong><em>καὶ</em></strong></span> <span class='ocrx_word' id='word_1_64' title='bbox 381 1127 444 1216; x_wconf 77' lang='grc' dir='ltr'><strong><em>τὴν</em></strong></span> <span class='ocrx_word' id='word_1_65' title='bbox 462 1128 627 1219; x_wconf 79' lang='grc' dir='ltr'><strong><em>μαντικὴν</em></strong></span> <span class='ocrx_word' id='word_1_66' title='bbox 643 1128 733 1220; x_wconf 78' lang='grc' dir='ltr'><strong><em>αὐτῷ</em></strong></span> <span class='ocrx_word' id='word_1_67' title='bbox 747 1135 927 1220; x_wconf 80' lang='grc' dir='ltr'><strong><em>προσῆψαν</em></strong></span> <span class='ocrx_word' id='word_1_68' title='bbox 945 1133 1002 1200; x_wconf 83' lang='grc' dir='ltr'><strong><em>καὶ</em></strong></span> <span class='ocrx_word' id='word_1_69' title='bbox 1017 1129 1106 1219; x_wconf 83' lang='grc' dir='ltr'><strong><em>εὑρε-</em></strong></span> 
     </span>
     <span class='ocr_line' id='line_1_10' title="bbox 84 1235 1107 1325; baseline 0.002 -21"><span class='ocrx_word' id='word_1_70' title='bbox 84 1239 206 1306; x_wconf 71' lang='grc' dir='ltr'><strong><em>θέντος</em></strong></span> <span class='ocrx_word' id='word_1_71' title='bbox 224 1245 282 1305; x_wconf 82' lang='grc' dir='ltr'><strong><em>τοῦ</em></strong></span> <span class='ocrx_word' id='word_1_72' title='bbox 302 1238 339 1305; x_wconf 78' lang='grc' dir='ltr'><strong><em>ἐν</em></strong></span> <span class='ocrx_word' id='word_1_73' title='bbox 357 1245 510 1323; x_wconf 76' lang='grc' dir='ltr'><strong><em>Δελφοῖς</em></strong></span> <span class='ocrx_word' id='word_1_74' title='bbox 532 1242 688 1325; x_wconf 87' lang='grc' dir='ltr'><strong><em>μαντείου</em></strong></span> <span class='ocrx_word' id='word_1_75' title='bbox 711 1242 770 1307; x_wconf 89' lang='grc' dir='ltr'><strong><em>τὸν</em></strong></span> <span class='ocrx_word' id='word_1_76' title='bbox 789 1235 984 1308; x_wconf 85' lang='grc' dir='ltr'><strong><em>Ἀπόλλωνα</em></strong></span> <span class='ocrx_word' id='word_1_77' title='bbox 1005 1258 1107 1325; x_wconf 90' lang='grc' dir='ltr'><strong><em>προσ-</em></strong></span> 
     </span>
     <span class='ocr_line' id='line_1_11' title="bbox 85 1340 1146 1432; baseline 0.002 -22"><span class='ocrx_word' id='word_1_78' title='bbox 85 1343 266 1430; x_wconf 90' lang='grc' dir='ltr'><strong><em>ωνόμασαν</em></strong></span> <span class='ocrx_word' id='word_1_79' title='bbox 284 1342 425 1411; x_wconf 85' lang='grc' dir='ltr'><strong><em>Πύθιον</em></strong></span> <span class='ocrx_word' id='word_1_80' title='bbox 448 1340 514 1411; x_wconf 75' lang='grc' dir='ltr'><strong><em>ἀπὸ</em></strong></span> <span class='ocrx_word' id='word_1_81' title='bbox 530 1345 591 1412; x_wconf 82' lang='grc' dir='ltr'><strong><em>τοῦ</em></strong></span> <span class='ocrx_word' id='word_1_82' title='bbox 610 1347 711 1432; x_wconf 83' lang='grc' dir='ltr'><strong><em>δεῦρο</em></strong></span> <span class='ocrx_word' id='word_1_83' title='bbox 732 1344 933 1432; x_wconf 76' lang='grc' dir='ltr'><strong><em>ἐρχομένους</em></strong></span> <span class='ocrx_word' id='word_1_84' title='bbox 951 1344 1030 1425; x_wconf 80' lang='grc' dir='ltr'><strong><em>τοὺς</em></strong></span> <span class='ocrx_word' id='word_1_85' title='bbox 1048 1340 1104 1412; x_wconf 87' lang='grc' dir='ltr'><strong><em>ιἰν-</em></strong></span> <span class='ocrx_word' id='word_1_86' title='bbox 1120 1366 1146 1407; x_wconf 84' lang='lat'><strong><em>10</em></strong></span> 
     </span>
     <span class='ocr_line' id='line_1_12' title="bbox 83 1437 1106 1538; baseline 0 -21"><span class='ocrx_word' id='word_1_87' title='bbox 83 1448 244 1538; x_wconf 83' lang='grc' dir='ltr'><strong><em>θρύπους</em></strong></span> <span class='ocrx_word' id='word_1_88' title='bbox 260 1437 501 1517; x_wconf 81' lang='grc' dir='ltr'><strong><em>πυνθάνεσθαι</em></strong></span> <span class='ocrx_word' id='word_1_89' title='bbox 514 1447 555 1516; x_wconf 87' lang='grc' dir='ltr'><strong><em>τδι</em></strong></span> <span class='ocrx_word' id='word_1_90' title='bbox 573 1447 653 1518; x_wconf 88' lang='grc' dir='ltr'><strong><em>καθ’</em></strong></span> <span class='ocrx_word' id='word_1_91' title='bbox 676 1449 829 1529; x_wconf 83' lang='grc' dir='ltr'><strong><em>ἑαυτούς·</em></strong></span> <span class='ocrx_word' id='word_1_92' title='bbox 852 1451 973 1538; x_wconf 78' lang='grc' dir='ltr'><strong><em>ἐλέχθη</em></strong></span> <span class='ocrx_word' id='word_1_93' title='bbox 994 1449 1032 1517; x_wconf 71' lang='grc' dir='ltr'><strong><em>δέ</em></strong></span> <span class='ocrx_word' id='word_1_94' title='bbox 1049 1450 1106 1518; x_wconf 81' lang='grc' dir='ltr'><strong><em>καὶ</em></strong></span> 
     </span>
     <span class='ocr_line' id='line_1_13' title="bbox 84 1551 1106 1643; baseline 0 -19"><span class='ocrx_word' id='word_1_95' title='bbox 84 1552 101 1623; x_wconf 85' lang='grc' dir='ltr'>ὁ</span> <span class='ocrx_word' id='word_1_96' title='bbox 121 1555 223 1636; x_wconf 91' lang='grc' dir='ltr'><strong><em>τόπος</em></strong></span> <span class='ocrx_word' id='word_1_97' title='bbox 241 1552 393 1643; x_wconf 88' lang='grc' dir='ltr'><strong><em>ὀμφαλὸς</em></strong></span> <span class='ocrx_word' id='word_1_98' title='bbox 410 1558 469 1641; x_wconf 80' lang='grc' dir='ltr'><strong><em>τῆς</em></strong></span> <span class='ocrx_word' id='word_1_99' title='bbox 486 1558 547 1641; x_wconf 78' lang='grc' dir='ltr'><strong><em>γῆς</em></strong></span> <span class='ocrx_word' id='word_1_100' title='bbox 565 1552 626 1642; x_wconf 89' lang='grc' dir='ltr'><strong><em>ούχ</em></strong></span> <span class='ocrx_word' id='word_1_101' title='bbox 647 1552 691 1635; x_wconf 77' lang='grc' dir='ltr'><strong><em>ὡς</em></strong></span> <span class='ocrx_word' id='word_1_102' title='bbox 710 1560 906 1642; x_wconf 83' lang='grc' dir='ltr'><strong><em>μεσαίτατος</em></strong></span> <span class='ocrx_word' id='word_1_103' title='bbox 923 1551 972 1624; x_wconf 78' lang='grc' dir='ltr'><strong><em>ύν</em></strong></span> <span class='ocrx_word' id='word_1_104' title='bbox 992 1552 1106 1643; x_wconf 76' lang='grc' dir='ltr'><strong><em>αὐτῆς,</em></strong></span> 
     </span>
     <span class='ocr_line' id='line_1_14' title="bbox 84 1651 1106 1752; baseline -0.002 -23"><span class='ocrx_word' id='word_1_105' title='bbox 84 1660 157 1729; x_wconf 81' lang='grc' dir='ltr'><strong><em>ἀλλ’</em></strong></span> <span class='ocrx_word' id='word_1_106' title='bbox 180 1660 245 1729; x_wconf 82' lang='grc' dir='ltr'><strong><em>ἀπὸ</em></strong></span> <span class='ocrx_word' id='word_1_107' title='bbox 268 1666 327 1749; x_wconf 81' lang='grc' dir='ltr'><strong><em>τῆς</em></strong></span> <span class='ocrx_word' id='word_1_108' title='bbox 350 1659 597 1748; x_wconf 84' lang='grc' dir='ltr'><strong><em>ύυαδιδομέυης</em></strong></span> <span class='ocrx_word' id='word_1_109' title='bbox 620 1662 658 1729; x_wconf 83' lang='grc' dir='ltr'><strong><em>έυ</em></strong></span> <span class='ocrx_word' id='word_1_110' title='bbox 681 1657 772 1752; x_wconf 75' lang='grc' dir='ltr'><strong><em>αύτῷ</em></strong></span> <span class='ocrx_word' id='word_1_111' title='bbox 793 1657 919 1749; x_wconf 81' lang='grc' dir='ltr'><strong><em>ὀμφῆς,</em></strong></span> <span class='ocrx_word' id='word_1_112' title='bbox 941 1651 1014 1748; x_wconf 60' lang='grc' dir='ltr'><strong><em>’ἥτις</em></strong></span> <span class='ocrx_word' id='word_1_113' title='bbox 1036 1661 1106 1728; x_wconf 80' lang='grc' dir='ltr'><strong><em>ἐστὶ</em></strong></span> 
     </span>
     <span class='ocr_line' id='line_1_15' title="bbox 83 1764 1106 1854; baseline 0.001 -20"><span class='ocrx_word' id='word_1_114' title='bbox 83 1772 162 1835; x_wconf 88' lang='grc' dir='ltr'><strong><em>θεία</em></strong></span> <span class='ocrx_word' id='word_1_115' title='bbox 181 1766 288 1853; x_wconf 82' lang='grc' dir='ltr'><strong><em>φωνή.</em></strong></span> <span class='ocrx_word' id='word_1_116' title='bbox 325 1769 434 1850; x_wconf 79' lang='grc' dir='ltr'><strong><em>λοξῶν</em></strong></span> <span class='ocrx_word' id='word_1_117' title='bbox 454 1766 492 1834; x_wconf 73' lang='grc' dir='ltr'><strong><em>δέ</em></strong></span> <span class='ocrx_word' id='word_1_118' title='bbox 509 1767 565 1834; x_wconf 83' lang='grc' dir='ltr'><strong><em>κοιλ</em></strong></span> <span class='ocrx_word' id='word_1_119' title='bbox 584 1770 791 1854; x_wconf 83' lang='grc' dir='ltr'><strong><em>περισκελύυ</em></strong></span> <span class='ocrx_word' id='word_1_120' title='bbox 810 1764 921 1836; x_wconf 86' lang='grc' dir='ltr'><strong><em>όντων</em></strong></span> <span class='ocrx_word' id='word_1_121' title='bbox 939 1769 1009 1835; x_wconf 76' lang='grc' dir='ltr'><strong><em>τῶν</em></strong></span> <span class='ocrx_word' id='word_1_122' title='bbox 1027 1793 1106 1853; x_wconf 89' lang='grc' dir='ltr'><strong><em>χρη-</em></strong></span> 
     </span>
     <span class='ocr_line' id='line_1_16' title="bbox 84 1868 1146 1960; baseline 0.004 -20"><span class='ocrx_word' id='word_1_123' title='bbox 84 1875 189 1960; x_wconf 77' lang='grc' dir='ltr'><strong><em>σμῶν,</em></strong></span> <span class='ocrx_word' id='word_1_124' title='bbox 205 1868 265 1951; x_wconf 79' lang='grc' dir='ltr'><strong><em>οὓς</em></strong></span> <span class='ocrx_word' id='word_1_125' title='bbox 279 1875 531 1958; x_wconf 34' lang='grc' dir='ltr'><strong><em>δίδωσι,(λοξίας</em></strong></span> <span class='ocrx_word' id='word_1_126' title='bbox 545 1869 737 1959; x_wconf 76' lang='grc' dir='ltr'><strong><em>ὠνόμασται</em></strong></span> <span class='ocrx_word' id='word_1_127' title='bbox 748 1868 807 1959; x_wconf 79' lang='grc' dir='ltr'><strong><em>[·ἢ</em></strong></span> <span class='ocrx_word' id='word_1_128' title='bbox 823 1870 887 1941; x_wconf 85' lang='grc' dir='ltr'><strong><em>ιἰπό</em></strong></span> <span class='ocrx_word' id='word_1_129' title='bbox 902 1870 1104 1959; x_wconf 83' lang='grc' dir='ltr'><strong><em>τῆςλοξότη-</em></strong></span> <span class='ocrx_word' id='word_1_130' title='bbox 1119 1901 1146 1944; x_wconf 79' lang='grc' dir='ltr'><strong><em>ιο</em></strong></span> 
     </span>
    </p>
   </div>
   <div class='ocr_carea' id='block_1_3' title="bbox 41 1975 1145 2705">
    <p class='ocr_par' dir='ltr' id='par_1_3' title="bbox 41 1975 1145 2703">
     <span class='ocr_line' id='line_1_17' title="bbox 83 1975 1105 2068; baseline -0.001 -21"><span class='ocrx_word' id='word_1_131' title='bbox 83 2005 140 2059; x_wconf 91' lang='grc' dir='ltr'><strong><em>τος</em></strong></span> <span class='ocrx_word' id='word_1_132' title='bbox 157 1982 218 2065; x_wconf 82' lang='grc' dir='ltr'><strong><em>της</em></strong></span> <span class='ocrx_word' id='word_1_133' title='bbox 234 1982 385 2066; x_wconf 90' lang='grc' dir='ltr'><strong><em>πορείας,</em></strong></span> <span class='ocrx_word' id='word_1_134' title='bbox 404 1975 448 2064; x_wconf 82' lang='grc' dir='ltr'><strong><em>ἣν</em></strong></span> <span class='ocrx_word' id='word_1_135' title='bbox 463 1989 606 2044; x_wconf 76' lang='grc' dir='ltr'><strong><em>ποιεῖται</em></strong></span> <span class='ocrx_word' id='word_1_136' title='bbox 621 1975 677 2044; x_wconf 90' lang='grc' dir='ltr'><strong><em>διδι</em></strong></span> <span class='ocrx_word' id='word_1_137' title='bbox 694 1979 755 2044; x_wconf 85' lang='grc' dir='ltr'><strong><em>τού</em></strong></span> <span class='ocrx_word' id='word_1_138' title='bbox 771 1980 936 2068; x_wconf 79' lang='grc' dir='ltr'><strong><em>ζῳδιακοῦ</em></strong></span> <span class='ocrx_word' id='word_1_139' title='bbox 954 1977 1105 2062; x_wconf 88' lang='grc' dir='ltr'><strong><em>κύκλου].</em></strong></span> 
     </span>
     <span class='ocr_line' id='line_1_18' title="bbox 72 2080 1106 2174; baseline -0.002 -22"><span class='ocrx_word' id='word_1_140' title='bbox 72 2083 244 2172; x_wconf 90' lang='grc' dir='ltr'><strong><em>-μουσικδς</em></strong></span> <span class='ocrx_word' id='word_1_141' title='bbox 272 2082 309 2152; x_wconf 74' lang='grc' dir='ltr'><strong><em>δέ</em></strong></span> <span class='ocrx_word' id='word_1_142' title='bbox 340 2083 396 2150; x_wconf 81' lang='grc' dir='ltr'><strong><em>καὶ</em></strong></span> <span class='ocrx_word' id='word_1_143' title='bbox 423 2080 624 2169; x_wconf 81' lang='grc' dir='ltr'><strong><em>κιθαριστὴς</em></strong></span> <span class='ocrx_word' id='word_1_144' title='bbox 650 2086 867 2169; x_wconf 80' lang='grc' dir='ltr'><strong><em>παρεισῆκται</em></strong></span> <span class='ocrx_word' id='word_1_145' title='bbox 894 2085 939 2174; x_wconf 74' lang='grc' dir='ltr'><strong><em>τῷ</em></strong></span> <span class='ocrx_word' id='word_1_146' title='bbox 967 2081 1106 2169; x_wconf 91' lang='grc' dir='ltr'><strong><em>κρούειν</em></strong></span> 
     </span>
     <span class='ocr_line' id='line_1_19' title="bbox 41 2186 1103 2278; baseline -0.003 -19"><span class='ocrx_word' id='word_1_147' title='bbox 41 2214 43 2222; x_wconf 86' lang='grc'><strong>’</strong></span> <span class='ocrx_word' id='word_1_148' title='bbox 85 2193 293 2278; x_wconf 80' lang='grc' dir='ltr'><strong><em>ἐναρμονίοις</em></strong></span> <span class='ocrx_word' id='word_1_149' title='bbox 314 2192 382 2257; x_wconf 80' lang='grc' dir='ltr'><strong><em>πᾶν</em></strong></span> <span class='ocrx_word' id='word_1_150' title='bbox 404 2190 504 2277; x_wconf 86' lang='grc' dir='ltr'><strong><em>μέρος</em></strong></span> <span class='ocrx_word' id='word_1_151' title='bbox 526 2192 589 2256; x_wconf 83' lang='grc' dir='ltr'><strong><em>τοῦ</em></strong></span> <span class='ocrx_word' id='word_1_152' title='bbox 611 2188 741 2276; x_wconf 91' lang='grc' dir='ltr'><strong><em>κόσμου</em></strong></span> <span class='ocrx_word' id='word_1_153' title='bbox 763 2191 819 2258; x_wconf 81' lang='grc' dir='ltr'><strong><em>καὶ</em></strong></span> <span class='ocrx_word' id='word_1_154' title='bbox 843 2186 1002 2276; x_wconf 76' lang='grc' dir='ltr'><strong><em>συνῳδὸν</em></strong></span> <span class='ocrx_word' id='word_1_155' title='bbox 1020 2187 1103 2256; x_wconf 89' lang='grc' dir='ltr'><strong><em>αύτὸ</em></strong></span> 
     </span>
     <span class='ocr_line' id='line_1_20' title="bbox 82 2292 1104 2383; baseline -0.003 -18"><span class='ocrx_word' id='word_1_156' title='bbox 82 2302 165 2366; x_wconf 81' lang='grc' dir='ltr'><strong><em>πᾶσι</em></strong></span> <span class='ocrx_word' id='word_1_157' title='bbox 188 2311 258 2378; x_wconf 79' lang='grc' dir='ltr'><strong><em>τοῖς</em></strong></span> <span class='ocrx_word' id='word_1_158' title='bbox 281 2295 396 2376; x_wconf 73' lang='grc' dir='ltr'><strong><em>ἄλλοις</em></strong></span> <span class='ocrx_word' id='word_1_159' title='bbox 419 2296 534 2383; x_wconf 84' lang='grc' dir='ltr'><strong><em>μέρεσι</em></strong></span> <span class='ocrx_word' id='word_1_160' title='bbox 556 2309 683 2381; x_wconf 80' lang='grc' dir='ltr'><strong><em>ποιεῖν,</em></strong></span> <span class='ocrx_word' id='word_1_161' title='bbox 706 2298 870 2383; x_wconf 84' lang='grc' dir='ltr'><strong><em>μηδεμιᾶς</em></strong></span> <span class='ocrx_word' id='word_1_162' title='bbox 889 2292 1028 2381; x_wconf 79' lang='grc' dir='ltr'><strong><em>[αὐτῶν]</em></strong></span> <span class='ocrx_word' id='word_1_163' title='bbox 1054 2296 1104 2362; x_wconf 83' lang='grc' dir='ltr'><strong><em>έκ-</em></strong></span> 
     </span>
     <span class='ocr_line' id='line_1_21' title="bbox 83 2393 1145 2492; baseline 0 -20"><span class='ocrx_word' id='word_1_164' title='bbox 83 2409 214 2492; x_wconf 87' lang='grc' dir='ltr'><strong><em>μελείας</em></strong></span> <span class='ocrx_word' id='word_1_165' title='bbox 236 2406 273 2472; x_wconf 93' lang='grc' dir='ltr'><strong><em>έν</em></strong></span> <span class='ocrx_word' id='word_1_166' title='bbox 293 2415 364 2482; x_wconf 78' lang='grc' dir='ltr'><strong><em>τοῖς</em></strong></span> <span class='ocrx_word' id='word_1_167' title='bbox 388 2393 466 2470; x_wconf 84' lang='grc' dir='ltr'><strong><em>οὖσι</em></strong></span> <span class='ocrx_word' id='word_1_168' title='bbox 488 2401 739 2490; x_wconf 86' lang='grc' dir='ltr'><strong><em>θεωρουμένης,</em></strong></span> <span class='ocrx_word' id='word_1_169' title='bbox 762 2399 848 2470; x_wconf 76' lang='grc' dir='ltr'><strong><em>ἄλλα</em></strong></span> <span class='ocrx_word' id='word_1_170' title='bbox 871 2401 927 2468; x_wconf 83' lang='grc' dir='ltr'><strong><em>καλ</em></strong></span> <span class='ocrx_word' id='word_1_171' title='bbox 950 2399 1012 2488; x_wconf 79' lang='grc' dir='ltr'><strong><em>τὴν</em></strong></span> <span class='ocrx_word' id='word_1_172' title='bbox 1034 2404 1103 2470; x_wconf 78' lang='grc' dir='ltr'><strong><em>τῶν</em></strong></span> <span class='ocrx_word' id='word_1_173' title='bbox 1117 2433 1145 2472; x_wconf 77' lang='grc' dir='ltr'><strong><em>ιο</em></strong></span> 
     </span>
     <span class='ocr_line' id='line_1_22' title="bbox 83 2504 1104 2598; baseline -0.002 -21"><span class='ocrx_word' id='word_1_174' title='bbox 83 2509 217 2598; x_wconf 85' lang='grc' dir='ltr'><strong><em>χρόνων</em></strong></span> <span class='ocrx_word' id='word_1_175' title='bbox 243 2508 326 2598; x_wconf 90' lang='grc' dir='ltr'><strong><em>πρὸς</em></strong></span> <span class='ocrx_word' id='word_1_176' title='bbox 354 2507 521 2595; x_wconf 80' lang='grc' dir='ltr'><strong><em>ἀλλήλους</em></strong></span> <span class='ocrx_word' id='word_1_177' title='bbox 548 2512 754 2595; x_wconf 87' lang='grc' dir='ltr'><strong><em>συμμετρίαν</em></strong></span> <span class='ocrx_word' id='word_1_178' title='bbox 782 2505 833 2575; x_wconf 81' lang='grc' dir='ltr'><strong><em>ἐπ’</em></strong></span> <span class='ocrx_word' id='word_1_179' title='bbox 860 2504 964 2594; x_wconf 80' lang='grc' dir='ltr'><strong><em>ύκρον</em></strong></span> <span class='ocrx_word' id='word_1_180' title='bbox 993 2504 1038 2587; x_wconf 73' lang='grc' dir='ltr'><strong><em>οἱς</em></strong></span> <span class='ocrx_word' id='word_1_181' title='bbox 1065 2509 1104 2576; x_wconf 88' lang='grc' dir='ltr'><strong><em>έυ</em></strong></span> 
     </span>
     <span class='ocr_line' id='line_1_23' title="bbox 84 2611 1104 2705; baseline -0.002 -22"><span class='ocrx_word' id='word_1_182' title='bbox 84 2618 230 2703; x_wconf 75' lang='grc' dir='ltr'><strong><em>ῥυθμοῖς</em></strong></span> <span class='ocrx_word' id='word_1_183' title='bbox 258 2619 443 2703; x_wconf 85' lang='grc' dir='ltr'><strong><em>τηροῦντος</em></strong></span> <span class='ocrx_word' id='word_1_184' title='bbox 472 2612 578 2682; x_wconf 81' lang='grc' dir='ltr'><strong><em>αὐτοῦ</em></strong></span> <span class='ocrx_word' id='word_1_185' title='bbox 604 2613 660 2682; x_wconf 83' lang='grc' dir='ltr'><strong><em>καὶ</em></strong></span> <span class='ocrx_word' id='word_1_186' title='bbox 687 2611 747 2692; x_wconf 79' lang='grc' dir='ltr'><strong><em>τὰς</em></strong></span> <span class='ocrx_word' id='word_1_187' title='bbox 769 2616 837 2681; x_wconf 78' lang='grc' dir='ltr'><strong><em>τόν</em></strong></span> <span class='ocrx_word' id='word_1_188' title='bbox 867 2612 959 2705; x_wconf 74' lang='grc' dir='ltr'><strong><em>ζῴων</em></strong></span> <span class='ocrx_word' id='word_1_189' title='bbox 987 2611 1104 2700; x_wconf 87' lang='grc' dir='ltr'><strong><em>φωνδις</em></strong></span> 
     </span>
    </p>
   </div>
   <div class='ocr_carea' id='block_1_4' title="bbox 41 2769 1103 3508">
    <p class='ocr_par' dir='ltr' id='par_1_4' title="bbox 80 2769 1103 3056">
     <span class='ocr_line' id='line_1_24' title="bbox 82 2769 1102 2863; baseline -0.001 -36"><span class='ocrx_word' id='word_1_190' title='bbox 82 2771 215 2863; x_wconf 81' lang='grc' dir='ltr'><strong><em>χρῆσθαι</em></strong></span> <span class='ocrx_word' id='word_1_191' title='bbox 226 2790 296 2827; x_wconf 86' lang='grc' dir='ltr'><strong><em>α-</em></strong></span> <span class='ocrx_word' id='word_1_192' title='bbox 315 2771 494 2863; x_wconf 79' lang='grc' dir='ltr'><strong><em>χρρσοκόμαν</em></strong></span> <span class='ocrx_word' id='word_1_193' title='bbox 513 2777 634 2844; x_wconf 85' lang='grc' dir='ltr'><strong><em>(χρυσεκ.</em></strong></span> <span class='ocrx_word' id='word_1_194' title='bbox 653 2772 687 2827; x_wconf 96' lang='grc' dir='ltr'><strong><em>Ν</em></strong></span> <span class='ocrx_word' id='word_1_195' title='bbox 690 2773 741 2842; x_wconf 89' lang='lat' dir='ltr'><strong><em>W)</em></strong></span> <span class='ocrx_word' id='word_1_196' title='bbox 755 2773 807 2828; x_wconf 79' lang='lat' dir='ltr'><strong><em>zbe</em></strong></span> <span class='ocrx_word' id='word_1_197' title='bbox 824 2769 945 2858; x_wconf 89' lang='grc' dir='ltr'><strong><em>χρυσοκό</em></strong></span> <span class='ocrx_word' id='word_1_198' title='bbox 967 2792 1003 2842; x_wconf 89' lang='grc' dir='ltr'><strong><em>ην</em></strong></span> <span class='ocrx_word' id='word_1_199' title='bbox 1022 2769 1048 2827; x_wconf 83' lang='grc' dir='ltr'><strong><em>α’</em></strong></span> <span class='ocrx_word' id='word_1_200' title='bbox 1068 2804 1102 2814; x_wconf 89' lang='grc'><strong>-</strong></span> 
     </span>
     <span class='ocr_line' id='line_1_25' title="bbox 82 2839 1103 2932; baseline -0.004 -31"><span class='ocrx_word' id='word_1_201' title='bbox 82 2839 275 2913; x_wconf 82' lang='grc' dir='ltr'><strong><em>ακειροκόμοιν</em></strong></span> <span class='ocrx_word' id='word_1_202' title='bbox 298 2847 314 2900; x_wconf 78' lang='grc' dir='ltr'><strong><em>ό</em></strong></span> <span class='ocrx_word' id='word_1_203' title='bbox 334 2840 535 2928; x_wconf 41' lang='lat' dir='ltr'><strong><em>udnnwsnopm</em></strong></span> <span class='ocrx_word' id='word_1_204' title='bbox 557 2862 633 2899; x_wconf 80' lang='lat' dir='ltr'><strong><em>a-</em></strong></span> <span class='ocrx_word' id='word_1_205' title='bbox 657 2851 682 2899; x_wconf 87' lang='grc'><strong><em>6.</em></strong></span> <span class='ocrx_word' id='word_1_206' title='bbox 707 2843 805 2928; x_wconf 82' lang='grc' dir='ltr'><strong><em>δῆλον]</em></strong></span> <span class='ocrx_word' id='word_1_207' title='bbox 830 2841 918 2914; x_wconf 86' lang='grc' dir='ltr'><strong><em>δήλην</em></strong></span> <span class='ocrx_word' id='word_1_208' title='bbox 977 2845 987 2897; x_wconf 85' lang='grc' dir='ltr'><strong><em>ί</em></strong></span> <span class='ocrx_word' id='word_1_209' title='bbox 1014 2844 1103 2932; x_wconf 84' lang='grc' dir='ltr'><strong><em>δῆσρν</em></strong></span> 
     </span>
     <span class='ocr_line' id='line_1_26' title="bbox 83 2909 1102 3000; baseline -0.005 -28"><span class='ocrx_word' id='word_1_210' title='bbox 83 2917 163 2972; x_wconf 74' lang='lat' dir='ltr'><strong><em>G—</em></strong></span> <span class='ocrx_word' id='word_1_211' title='bbox 182 2920 206 2969; x_wconf 87' lang='grc'><strong><em>6.</em></strong></span> <span class='ocrx_word' id='word_1_212' title='bbox 228 2920 251 2971; x_wconf 92' lang='grc'><strong><em>7.</em></strong></span> <span class='ocrx_word' id='word_1_213' title='bbox 271 2911 434 2989; x_wconf 80' lang='grc' dir='ltr'><strong><em>αύτῷο-</em></strong></span> <span class='ocrx_word' id='word_1_214' title='bbox 453 2919 478 2971; x_wconf 99' lang='lat'><strong><em>8.</em></strong></span> <span class='ocrx_word' id='word_1_215' title='bbox 498 2921 523 2972; x_wconf 88' lang='grc'><strong><em>9.</em></strong></span> <span class='ocrx_word' id='word_1_216' title='bbox 524 2910 714 3000; x_wconf 77' lang='grc' dir='ltr'><strong><em>εὑρεθέντος</em></strong></span> <span class='ocrx_word' id='word_1_217' title='bbox 732 2915 782 2969; x_wconf 86' lang='grc' dir='ltr'><strong><em>τού</em></strong></span> <span class='ocrx_word' id='word_1_218' title='bbox 803 2909 835 2970; x_wconf 86' lang='grc' dir='ltr'><strong><em>έν</em></strong></span> <span class='ocrx_word' id='word_1_219' title='bbox 849 2920 883 2969; x_wconf 98' lang='lat' dir='ltr'><em>A</em></span> <span class='ocrx_word' id='word_1_220' title='bbox 903 2913 1080 2999; x_wconf 85' lang='grc' dir='ltr'><strong><em>μαντείου</em></strong></span> <span class='ocrx_word' id='word_1_221' title='bbox 1051 2934 1102 2968; x_wconf 84' lang='grc' dir='ltr'><strong><em>τον</em></strong></span> 
     </span>
     <span class='ocr_line' id='line_1_27' title="bbox 80 2971 1101 3072; baseline -0.003 -30"><span class='ocrx_word' id='word_1_222' title='bbox 80 2982 236 3042; x_wconf 81' lang='grc' dir='ltr'><strong><em>Ἀπόλλωνα</em></strong></span> <span class='ocrx_word' id='word_1_223' title='bbox 253 2971 342 3072; x_wconf 65' lang='grc' dir='ltr'><strong><em>δολιχαί.</em></strong></span> <span class='ocrx_word' id='word_1_224' title='bbox 363 2981 530 3056; x_wconf 74' lang='grc' dir='ltr'><strong><em>ευρεθδυ</em></strong></span> <span class='ocrx_word' id='word_1_225' title='bbox 502 3004 576 3040; x_wconf 82' lang='grc' dir='ltr'><strong><em>τοι.</em></strong></span> <span class='ocrx_word' id='word_1_226' title='bbox 597 2990 631 3041; x_wconf 93' lang='lat' dir='ltr'><strong><em>A.</em></strong></span> <span class='ocrx_word' id='word_1_227' title='bbox 650 2991 784 3055; x_wconf 84' lang='grc' dir='ltr'><strong><em>μαντεῖον</em></strong></span> <span class='ocrx_word' id='word_1_228' title='bbox 802 2985 840 3055; x_wconf 79' lang='grc' dir='ltr'><strong><em>τῷ</em></strong></span> <span class='ocrx_word' id='word_1_229' title='bbox 859 2980 1005 3040; x_wconf 77' lang='grc' dir='ltr'><strong><em>Ἀπόλλωνι</em></strong></span> <span class='ocrx_word' id='word_1_230' title='bbox 1025 2984 1049 3039; x_wconf 91' lang='lat'><em>0</em></span> <span class='ocrx_word' id='word_1_231' title='bbox 1068 3016 1101 3025; x_wconf 94' lang='lat'>-</span> 
     </span>
    </p>

    <p class='ocr_par' dir='ltr' id='par_1_5' title="bbox 41 3052 1101 3482">
     <span class='ocr_line' id='line_1_28' title="bbox 82 3052 1101 3146; baseline -0.005 -32.785"><span class='ocrx_word' id='word_1_232' title='bbox 82 3064 165 3146; x_wconf 91' lang='grc'><strong><em>,10</em></strong></span> <span class='ocrx_word' id='word_1_233' title='bbox 184 3055 387 3145; x_wconf 83' lang='grc' dir='ltr'><strong><em>προσωνόμασε</em></strong></span> <span class='ocrx_word' id='word_1_234' title='bbox 402 3059 413 3112; x_wconf 86' lang='grc' dir='ltr'><strong><em>λ</em></strong></span> <span class='ocrx_word' id='word_1_235' title='bbox 429 3052 665 3126; x_wconf 85' lang='grc' dir='ltr'><strong><em>προσωνόμασται</em></strong></span> <span class='ocrx_word' id='word_1_236' title='bbox 680 3056 756 3109; x_wconf 85' lang='grc' dir='ltr'><strong><em>Ρ-</em></strong></span> <span class='ocrx_word' id='word_1_237' title='bbox 776 3061 817 3110; x_wconf 91' lang='grc'><strong><em>12.</em></strong></span> <span class='ocrx_word' id='word_1_238' title='bbox 838 3057 1008 3145; x_wconf 87' lang='grc' dir='ltr'><strong><em>μεσαίτατον</em></strong></span> <span class='ocrx_word' id='word_1_239' title='bbox 1023 3055 1049 3108; x_wconf 88' lang='grc' dir='ltr'><strong><em>Ρ</em></strong></span> <span class='ocrx_word' id='word_1_240' title='bbox 1067 3087 1101 3096; x_wconf 93' lang='lat'>-</span> 
     </span>
     <span class='ocr_line' id='line_1_29' title="bbox 84 3123 1101 3214; baseline -0.004 -30"><span class='ocrx_word' id='word_1_241' title='bbox 84 3137 125 3184; x_wconf 91' lang='grc'><strong><em>13.</em></strong></span> <span class='ocrx_word' id='word_1_242' title='bbox 144 3125 202 3184; x_wconf 75' lang='grc' dir='ltr'><strong><em>ἀπὸ</em></strong></span> <span class='ocrx_word' id='word_1_243' title='bbox 223 3127 296 3214; x_wconf 82' lang='grc' dir='ltr'><strong><em>[τῆς]</em></strong></span> <span class='ocrx_word' id='word_1_244' title='bbox 316 3125 535 3212; x_wconf 88' lang='grc' dir='ltr'><strong><em>αναδιδομένης</em></strong></span> <span class='ocrx_word' id='word_1_245' title='bbox 551 3128 639 3196; x_wconf 41' lang='lat' dir='ltr'><em>(moso</em></span> <span class='ocrx_word' id='word_1_246' title='bbox 652 3126 748 3213; x_wconf 73' lang='grc' dir='ltr'><strong><em>7,)ιι</em></strong></span> <span class='ocrx_word' id='word_1_247' title='bbox 766 3133 862 3182; x_wconf 85' lang='lat'><strong>—1.4</strong></span> <span class='ocrx_word' id='word_1_248' title='bbox 884 3123 999 3214; x_wconf 74' lang='grc' dir='ltr'><strong><em>[όντφν]</em></strong></span> <span class='ocrx_word' id='word_1_249' title='bbox 1019 3127 1053 3180; x_wconf 89' lang='lat' dir='ltr'><strong><em>N</em></strong></span> <span class='ocrx_word' id='word_1_250' title='bbox 1068 3156 1101 3168; x_wconf 87' lang='lat'><strong><em>-</em></strong></span> 
     </span>
     <span class='ocr_line' id='line_1_30' title="bbox 41 3193 1101 3266; baseline -0.003 -12"><span class='ocrx_word' id='word_1_251' title='bbox 41 3260 44 3266; x_wconf 50' lang='grc'><strong><em>,</em></strong></span> <span class='ocrx_word' id='word_1_252' title='bbox 83 3205 125 3255; x_wconf 89' lang='lat'><strong><em>18.</em></strong></span> <span class='ocrx_word' id='word_1_253' title='bbox 149 3196 277 3255; x_wconf 85' lang='grc' dir='ltr'><strong><em>σννωδὸν</em></strong></span> <span class='ocrx_word' id='word_1_254' title='bbox 302 3200 346 3255; x_wconf 85' lang='grc' dir='ltr'><strong><em>Οε.</em></strong></span> <span class='ocrx_word' id='word_1_255' title='bbox 370 3201 410 3256; x_wconf 80' lang='lat' dir='ltr'><strong><em>ed.</em></strong></span> <span class='ocrx_word' id='word_1_256' title='bbox 435 3193 557 3254; x_wconf 88' lang='grc' dir='ltr'><strong><em>συνοδόν</em></strong></span> <span class='ocrx_word' id='word_1_257' title='bbox 578 3198 607 3251; x_wconf 89' lang='lat' dir='ltr'><strong><em>P</em></strong></span> <span class='ocrx_word' id='word_1_258' title='bbox 626 3193 748 3252; x_wconf 87' lang='grc' dir='ltr'><strong><em>σύνοδον</em></strong></span> <span class='ocrx_word' id='word_1_259' title='bbox 771 3202 889 3253; x_wconf 75' lang='grc' dir='ltr'><strong><em>σιλλ-</em></strong></span> <span class='ocrx_word' id='word_1_260' title='bbox 916 3193 987 3252; x_wconf 87' lang='grc' dir='ltr'><strong><em>αύτό</em></strong></span> <span class='ocrx_word' id='word_1_261' title='bbox 1011 3198 1101 3252; x_wconf 73' lang='grc' dir='ltr'><strong><em>δόλιοι.</em></strong></span> 
     </span>
     <span class='ocr_line' id='line_1_31' title="bbox 82 3252 1101 3359; baseline -0.003 -34"><span class='ocrx_word' id='word_1_262' title='bbox 82 3266 171 3325; x_wconf 80' lang='grc' dir='ltr'><strong><em>αὐτὸν</em></strong></span> <span class='ocrx_word' id='word_1_263' title='bbox 192 3252 214 3321; x_wconf 69' lang='grc' dir='ltr'><strong><em>(ί</em></strong></span> <span class='ocrx_word' id='word_1_264' title='bbox 236 3303 269 3312; x_wconf 92' lang='grc'><strong>-</strong></span> <span class='ocrx_word' id='word_1_265' title='bbox 291 3278 333 3327; x_wconf 90' lang='grc'><strong><em>19.</em></strong></span> <span class='ocrx_word' id='word_1_266' title='bbox 358 3265 493 3359; x_wconf 75' lang='grc' dir='ltr'><strong><em>[αὐτῶν]</em></strong></span> <span class='ocrx_word' id='word_1_267' title='bbox 502 3268 590 3324; x_wconf 79' lang='lat' dir='ltr'><strong>Schm.</strong></span> <span class='ocrx_word' id='word_1_268' title='bbox 614 3264 704 3323; x_wconf 86' lang='grc' dir='ltr'><strong><em>αύτόυ</em></strong></span> <span class='ocrx_word' id='word_1_269' title='bbox 722 3268 772 3323; x_wconf 78' lang='lat' dir='ltr'><strong><em>Nc</em></strong></span> <span class='ocrx_word' id='word_1_270' title='bbox 790 3263 881 3324; x_wconf 83' lang='grc' dir='ltr'><strong><em>αύτού</em></strong></span> <span class='ocrx_word' id='word_1_271' title='bbox 900 3269 942 3357; x_wconf 87' lang='grc' dir='ltr'><strong><em>Ν,</em></strong></span> <span class='ocrx_word' id='word_1_272' title='bbox 968 3262 1056 3322; x_wconf 87' lang='grc' dir='ltr'><strong><em>αύτου</em></strong></span> <span class='ocrx_word' id='word_1_273' title='bbox 1077 3262 1101 3322; x_wconf 83' lang='lat' dir='ltr'><strong><em>b&#39;</em></strong></span> 
     </span>
     <span class='ocr_line' id='line_1_32' title="bbox 82 3333 1100 3428; baseline -0.001 -33"><span class='ocrx_word' id='word_1_274' title='bbox 82 3373 117 3382; x_wconf 89' lang='lat'>—</span> <span class='ocrx_word' id='word_1_275' title='bbox 132 3347 174 3396; x_wconf 86' lang='grc'><strong><em>21.</em></strong></span> <span class='ocrx_word' id='word_1_276' title='bbox 192 3333 239 3392; x_wconf 76' lang='grc' dir='ltr'><strong><em>ἐπ’</em></strong></span> <span class='ocrx_word' id='word_1_277' title='bbox 249 3362 337 3413; x_wconf 83' lang='grc' dir='ltr'><strong><em>ακρον</em></strong></span> <span class='ocrx_word' id='word_1_278' title='bbox 355 3343 399 3398; x_wconf 76' lang='lat' dir='ltr'><strong><em>Os.</em></strong></span> <span class='ocrx_word' id='word_1_279' title='bbox 416 3336 493 3397; x_wconf 82' lang='grc' dir='ltr'><strong><em>έπ”’</em></strong></span> <span class='ocrx_word' id='word_1_280' title='bbox 467 3359 563 3428; x_wconf 86' lang='grc' dir='ltr'><strong><em>ακρου</em></strong></span> <span class='ocrx_word' id='word_1_281' title='bbox 577 3355 591 3394; x_wconf 83' lang='lat' dir='ltr'><strong><em>e</em></strong></span> <span class='ocrx_word' id='word_1_282' title='bbox 605 3334 657 3393; x_wconf 75' lang='grc' dir='ltr'><strong><em>ἀπ’</em></strong></span> <span class='ocrx_word' id='word_1_283' title='bbox 673 3335 850 3426; x_wconf 81' lang='grc' dir='ltr'><strong><em>ἄκρονλΝ’</em></strong></span> <span class='ocrx_word' id='word_1_284' title='bbox 832 3334 883 3394; x_wconf 86' lang='grc' dir='ltr'><strong><em>απ’</em></strong></span> <span class='ocrx_word' id='word_1_285' title='bbox 895 3335 1029 3426; x_wconf 77' lang='grc' dir='ltr'><strong><em>ᾅκρωνοι</em></strong></span> <span class='ocrx_word' id='word_1_286' title='bbox 1019 3334 1100 3411; x_wconf 60' lang='lat' dir='ltr'><em>‘V2&#39;b</em></span> 
     </span>
     <span class='ocr_line' id='line_1_33' title="bbox 83 3405 1101 3508; baseline -0.003 -41"><span class='ocrx_word' id='word_1_287' title='bbox 83 3444 117 3454; x_wconf 93' lang='lat'>—</span> <span class='ocrx_word' id='word_1_288' title='bbox 136 3418 213 3467; x_wconf 89' lang='grc'><strong><em>22.-</em></strong></span> <span class='ocrx_word' id='word_1_289' title='bbox 194 3431 254 3482; x_wconf 89' lang='lat' dir='ltr'><strong><em>-p</em></strong></span> <span class='ocrx_word' id='word_1_290' title='bbox 270 3418 318 3500; x_wconf 82' lang='lat'><strong><em>88,</em></strong></span> <span class='ocrx_word' id='word_1_291' title='bbox 331 3421 357 3471; x_wconf 85' lang='lat'><strong><em>3.</em></strong></span> <span class='ocrx_word' id='word_1_292' title='bbox 376 3413 425 3508; x_wconf 82' lang='grc' dir='ltr'><strong><em>κριλ</em></strong></span> <span class='ocrx_word' id='word_1_293' title='bbox 443 3433 495 3476; x_wconf 88' lang='grc' dir='ltr'><strong><em>τας</em></strong></span> <span class='ocrx_word' id='word_1_294' title='bbox 508 3430 564 3464; x_wconf 89' lang='grc' dir='ltr'><strong><em>των</em></strong></span> <span class='ocrx_word' id='word_1_295' title='bbox 578 3405 657 3476; x_wconf 81' lang='grc' dir='ltr'><strong><em>ζωωυ</em></strong></span> <span class='ocrx_word' id='word_1_296' title='bbox 671 3427 770 3497; x_wconf 85' lang='grc' dir='ltr'><strong><em>φωυας</em></strong></span> <span class='ocrx_word' id='word_1_297' title='bbox 784 3430 824 3464; x_wconf 91' lang='grc' dir='ltr'><strong><em>ων</em></strong></span> <span class='ocrx_word' id='word_1_298' title='bbox 839 3429 928 3472; x_wconf 88' lang='grc' dir='ltr'><strong><em>αυτος</em></strong></span> <span class='ocrx_word' id='word_1_299' title='bbox 940 3428 996 3464; x_wconf 88' lang='grc' dir='ltr'><strong><em>των</em></strong></span> <span class='ocrx_word' id='word_1_300' title='bbox 1011 3406 1101 3464; x_wconf 87' lang='grc' dir='ltr'><strong><em>αλλων</em></strong></span> 
     </span>
    </p>
   </div>
   <div class='ocr_carea' id='block_1_5' title="bbox 19 3456 1102 3621">
    <p class='ocr_par' dir='ltr' id='par_1_6' title="bbox 19 3456 1102 3621">
     <span class='ocr_line' id='line_1_34' title="bbox 19 3456 1102 3555; baseline -0.004 -16"><span class='ocrx_word' id='word_1_301' title='bbox 19 3538 24 3544; x_wconf 76' lang='grc'><strong>,</strong></span> <span class='ocrx_word' id='word_1_302' title='bbox 82 3480 222 3553; x_wconf 80' lang='grc' dir='ltr'><strong><em>σωμάτων</em></strong></span> <span class='ocrx_word' id='word_1_303' title='bbox 237 3456 353 3554; x_wconf 83' lang='grc' dir='ltr'><strong><em>ψόφόυς</em></strong></span> <span class='ocrx_word' id='word_1_304' title='bbox 372 3483 400 3540; x_wconf 80' lang='grc' dir='ltr'><strong><em>οἰ</em></strong></span> <span class='ocrx_word' id='word_1_305' title='bbox 418 3479 445 3555; x_wconf 82' lang='grc' dir='ltr'><strong><em>(ἢ</em></strong></span> <span class='ocrx_word' id='word_1_306' title='bbox 464 3485 507 3552; x_wconf 82' lang='grc' dir='ltr'><strong><em>Ν;</em></strong></span> <span class='ocrx_word' id='word_1_307' title='bbox 527 3479 558 3536; x_wconf 78' lang='grc' dir='ltr'><strong><em>οἷ</em></strong></span> <span class='ocrx_word' id='word_1_308' title='bbox 574 3482 612 3551; x_wconf 91' lang='grc' dir='ltr'><strong><em>Ρ)</em></strong></span> <span class='ocrx_word' id='word_1_309' title='bbox 635 3478 684 3537; x_wconf 82' lang='grc' dir='ltr'><strong><em>διὰ</em></strong></span> <span class='ocrx_word' id='word_1_310' title='bbox 703 3477 734 3535; x_wconf 86' lang='grc' dir='ltr'><strong><em>τὸ</em></strong></span> <span class='ocrx_word' id='word_1_311' title='bbox 757 3481 945 3551; x_wconf 83' lang='grc' dir='ltr'><strong><em>ξηραίνεσθαι</em></strong></span> <span class='ocrx_word' id='word_1_312' title='bbox 963 3482 1102 3552; x_wconf 86' lang='grc' dir='ltr'><strong><em>χρησίμως</em></strong></span> 
     </span>
     <span class='ocr_line' id='line_1_35' title="bbox 906 3569 944 3621; baseline 0 -20"><span class='ocrx_word' id='word_1_313' title='bbox 906 3569 944 3621; x_wconf 56' lang='lat' dir='ltr'><strong><em>ffi-</em></strong></span> 
     </span>
    </p>
   </div>
   <div class='ocr_carea' id='block_1_6' title="bbox 0 0 1250 3848">
    <p class='ocr_par' dir='ltr' id='par_1_7' title="bbox 0 0 1250 3848">
     <span class='ocr_line' id='line_1_36' title="bbox 0 0 1250 3848; baseline 0 1"><span class='ocrx_word' id='word_1_314' title='bbox 0 0 1250 3848; x_wconf 95' lang='lat' dir='ltr'><strong><em> </em></strong></span> 
     </span>
    </p>
   </div>
  </div>
 </body>
</html>
