2490 3848
505 223 704 278 EnmmMH.
1070 225 1113 289 39

98 395 129 435 τι
157 372 256 454 ἔχειν·
284 366 340 432 καὶ
367 361 405 432 τό
435 368 548 432 ἔλαιον
577 361 704 432 δδοόκ
731 360 939 434 εάνόθιυτόν
967 368 1036 433 ἐστι
1065 364 1111 432 δι’

98 473 202 542 άλλου
221 471 345 558 ὑγροῦ,
368 469 441 539 ἀλλ’
462 469 621 556 ἀκέραιον
640 469 691 539 ἀεὶ
710 473 802 558 με’νει
822 468 867 551 ῶς
888 475 928 560 κη’
946 478 1115 563 παρθενίμ

97 581 304 665 κατάλληλον
327 576 415 646 εἶναι
439 581 562 646 δοκείν.
598 575 694 665 άρεια
718 574 749 644 δ’
768 575 893 662 ἐκλήθη
912 581 957 670 τῶ
977 598 1115 667 στρατη-

98 686 173 773 γικη
197 683 284 754 εῖναι
309 685 365 752 καὶ
389 681 573 770 διοικητικη
601 684 756 769 πολέμων
783 683 839 750 καὶ
866 679 1113 771 ὑπερμαχητικη

97 797 159 862 τοῦ
183 796 327 860 δικαίου·
357 789 509 875 δεινότης
536 787 601 874 γάρ
629 789 703 873 περὶ
726 788 835 857 πάντα
860 790 929 858 ἐστὶ
956 793 1011 858 καὶ
1036 810 1142 877 συγ-ὑ

97 903 314 986 κεφαλαίωμα
349 899 467 964 πασῶν
498 899 567 964 τῶν
612 891 742 979 ἀρετῶν
767 895 791 984 [·
813 897 869 963 καὶ
906 899 1023 964 ίππίαν
1060 898 1116 964 καὶ

100 1009 309 1092 δαμάειππον
332 1003 388 1070 καὶ
411 1003 627 1092 δορικίντορα
649 1003 706 1070 καί
726 1008 898 1090 πολλαχῶς
921 1003 1030 1084 άλλως
1057 1001 1116 1072 αύ-

98 1110 161 1196 την
184 1111 489 1198 προσαγορεύουσι,
513 1110 569 1176 καὶ
592 1105 748 1177 ἀνιστᾶσι
771 1108 812 1177 τά
834 1109 978 1197 τρόπαια
1001 1113 1036 1180 ἐκ
1060 1110 1115 1192 ξύ-

99 1226 168 1285 λων
194 1218 352 1301 ἐλαΐνων,
381 1213 588 1302 μάλισταδὲ
613 1216 669 1283 καὶ
696 1213 893 1303 τὴνδΝίκην
922 1215 1006 1306 αὐτῇ
1034 1213 1116 1305 πάρέ

98 1327 200 1410 εδρον
233 1322 405 1407 διδόασιν,
441 1320 514 1410 ἥτις
548 1322 598 1390 ἑνὶ
631 1331 748 1408 είκειν,
785 1326 830 1413 τῷ
862 1325 1116 1415 περιγινομένην,
1130 1348 1158 1389 το

98 1444 202 1515 ποιεῖ,
229 1428 379 1519 πτερωτη
406 1429 673 1515 παρεισαγομένη
698 1426 755 1496 διδ
777 1427 815 1496 τὸ
843 1426 1034 1517 ὀξύρροπον
1060 1431 1116 1498 καὶ

98 1535 324 1624 εὐμετάβολον
346 1539 415 1603 τῶν
439 1533 678 1621 παρατάξεων].
722 1535 778 1602 καὶ
802 1536 839 1602 ἐν
865 1561 904 1623 τη
933 1534 1016 1623 πρὸς
1037 1534 1117 1615 τοὺς

99 1649 257 1730 γίγαντας
284 1642 322 1710 δὲ
350 1641 437 1729 μάχη
465 1645 687 1728 παραδίδοται
709 1637 925 1730 ηριστευκυῖα
948 1627 1116 1727 η’Λθηνῶ

99 1749 154 1816 καὶ
188 1747 447 1835 γιγαντοφόντις
483 1747 720 1834 ἐπονομάζεται
754 1745 838 1824 κατὰ
875 1751 1030 1816 τοιοῦτον
1063 1745 1118 1814 λό-

100 1881 173 1942 γον.
209 1852 289 1932 τούς
306 1852 370 1941 γδιρ
389 1852 541 1940 κρότους
560 1855 596 1920 ἐκ
613 1857 675 1939 γῆς
692 1855 895 1940 γενομένους
913 1850 1117 1939 ἀνθρώπους
1131 1874 1159 1916 ιι

100 1951 243 2038 εόλογον
266 1956 398 2038 βιαίους
420 1951 476 2017 καὶ
498 1948 667 2036 θυμικοδς
689 1948 762 2017 κατ’
783 1948 938 2036 ἀλλήλων
957 1953 1117 2036 γενέσθαι

101 2049 158 2118 διὰ
186 2048 224 2117 τὸ
258 2051 395 2136 μηδέπω
424 2046 595 2116 δύνασθαι
624 2051 858 2135 διακρίνεσθαι
885 2044 964 2134 μηδ’
996 2050 1119 2135 ἐρριπί-

101 2158 184 2216 σθαι
207 2144 269 2214 τόν
292 2145 413 2215 ἐνόντα
437 2143 551 2225 αὐτοῖς
574 2149 748 2231 σπινθῆρα
769 2149 829 2231 τῆς
850 2151 1038 2225 κοινωνίας.
1084 2147 1120 2214 οί

99 2246 177 2314 θεοὶ
197 2244 235 2312 δὲ
255 2240 393 2328 ῶσπερελ
414 2241 589 2321 νύττοντες
602 2243 658 2310 καὶ
672 2239 980 2329 ὑπομιμνήσκοντες
994 2240 1119 2322 αύτούς

100 2349 169 2414 τῶν
196 2345 341 2412 ἐννοιῶν
368 2339 615 2427 περιγεγόνασι·
648 2341 704 2408 καὶ
731 2340 872 2427 μάλιστα
900 2338 921 2426 ἡ
946 2337 1028 2407 κατά
1049 2337 1117 2407 -τδν
1131 2355 1159 2396 ²⁰

101 2440 205 2527 λόγον
229 2438 396 2527 ἐντρέχεια
417 2435 660 2522 κατεπολέμησε
685 2437 741 2504 καὶ
759 2433 920 2516 ὑπέταξεν
944 2432 1049 2514 οὕτως
1072 2433 1118 2514 ῶς

174 2571 197 2619 3.
217 2560 389 2630 κατάλληλον
409 2561 457 2632 [ε.]
473 2563 569 2615 δοκεῖν
584 2562 614 2616 lb
634 2580 660 2617 κ.
675 2560 723 2632 [α]
739 2562 843 2614 δοκεῖς
856 2588 890 2599 ·-
905 2564 929 2614 5.
944 2559 1009 2627 περὶ
1023 2556 1118 2614 πάντα

57 2688 62 2696 ,
102 2631 126 2690 α’
139 2634 174 2705 V,
194 2633 259 2701 περὶ
277 2631 392 2688 πάντων
406 2632 437 2687 lb
470 2628 681 2758 wfoawdev
695 2647 710 2687 σ
726 2661 759 2672 -—
780 2637 804 2686 6.
823 2629 922 2685 πασῶν
941 2629 991 2701 [τ]
1010 2625 1054 2698 ἀρ.
1071 2629 1116 2687 Ον.

102 2707 142 2761 τά.
156 2735 190 2744 -
204 2705 253 2759 καί
268 2701 368 2758 ίπτιίαν
383 2702 424 2758 St.
461 2705 512 2758 λιιι.
566 2719 620 2758 σιτ.
635 2698 793 2757 κίπτιείαν
807 2703 846 2757 ab
861 2699 910 2754 καὶ
924 2697 1041 2756 ἱππείαν
1055 2699 1119 2766 δδσ

103 2807 136 2816 -
154 2781 178 2830 1.
193 2770 375 2845 δαμάσιππον
385 2775 420 2828 Α.
427 2774 529 2829 Nauck
543 2769 706 2843 δάμνιπτιον
718 2772 741 2826 0
755 2771 939 2842 δορικίντορα
953 2773 994 2827 St.
1008 2771 1058 2826 Th.
1068 2771 1117 2828 θα.

102 2879 294 2951 δορυκὲντορα
312 2880 419 2935 Ειαίοσ.
439 2877 647 2967 δορυκέντοραν
667 2879 696 2933 Ρ
712 2854 930 2947 δορυιιεντεῗραν
948 2877 1016 2932 VM
1035 2879 1118 2949 δορο-

102 2953 251 3020 κέντειραν
269 2951 338 3005 Lbc
356 2980 392 2992 -··
418 2953 444 3003 8.
466 2951 613 3005 ἀνιστᾶσιν
631 2944 703 3021 αύτῇ
723 2947 846 3019 τρόπαια
865 2967 880 3005 ο
900 2980 934 2988 -
954 2955 978 3003 9.
998 2945 1119 3018 μάλιστα

102 3023 160 3095 [δὲ]
176 3043 201 3078 κ.
216 3041 239 3077 τ.
254 3041 279 3076 ν.
295 3017 320 3076 α’
335 3021 362 3074 L
373 3020 408 3090 V,
429 3050 462 3060 -
483 3025 524 3075 10.
543 3019 752 3093 περιγινομένη)
769 3022 785 3075 δ
804 3016 1026 3092 περιγιγνομένῳ
1043 3019 1070 3072 L
1084 3048 1118 3058 -

104 3101 145 3149 14.
167 3087 385 3163 γιγαντοφόντις
404 3089 486 3146 lMB
505 3107 520 3146 c
538 3088 762 3160 γιγαντοφόντης
775 3091 809 3145 Ν
811 3091 917 3161 θΒῙΡ
928 3083 1119 3160 γιγαντοφόν-

102 3185 144 3226 τις
158 3166 208 3235 Μ,
226 3196 259 3204 -
276 3170 317 3218 17.
333 3165 476 3230 διακρῖναι
487 3131 557 3216 δί-
574 3167 668 3218 17.18.
684 3158 751 3232 μηδ’
769 3158 932 3230 ίρριττίσθαι
942 3160 1119 3215 Ηικισίσνίικ-

103 3238 163 3290 sius
176 3233 247 3306 μηδὲ
260 3233 423 3306 όιζῶσθαισ
437 3230 509 3304 μηδὲ
524 3229 639 3302 ῥιζῶσαι
652 3233 709 3288 υΝ
725 3232 774 3288 καὶ
790 3231 905 3303 όιζῶσαι
920 3227 944 3286 δ’
962 3225 1030 3301 μηδ’
1046 3227 1118 3355 ἐρρι-

104 3307 212 3370 ζῶσθαι
227 3305 271 3360 08.
286 3307 327 3361 ed.
342 3336 376 3345 —
393 3309 435 3362 18.
455 3309 496 3360 19.
516 3301 546 3358 οἱ
561 3303 628 3359 θεολ
642 3301 674 3359 δὲ
690 3305 809 3359 zMNB
828 3299 866 3365 ῶς
879 3301 946 3357 θεολ
959 3299 1059 3356 δὲθο
1085 3299 1118 3356 δὲ

102 3375 193 3430 θεολτ
208 3373 260 3449 [σί]
270 3375 337 3431 θεολ
352 3374 384 3432 δὲ
397 3375 466 3430 P-
477 3381 521 3432 20.
532 3381 574 3432 21.
588 3371 660 3430 κατὰ
670 3375 719 3447 [α]
729 3372 814 3444 λόγον
824 3391 838 3429 c
848 3405 881 3415 -
892 3370 1119 3442 κατεπολέμησεν

103 3446 188 3502 MLc
203 3477 236 3487 -
251 3453 293 3503 ει.
308 3465 336 3517 p.
350 3453 394 3515 4ο,
406 3452 429 3503 1.
445 3441 483 3509 ὡς
498 3442 550 3517 ἐς]
567 3439 636 3500 ὥστε
653 3442 691 3512 ἐς.
708 3445 802 3502 σειν.
