2490 3848
503 230 703 283 ΕΠΙΔΡΟΜΗ.
814 235 818 245 ’
1067 228 1108 292 19

93 373 190 459 τέρας
212 370 269 451 τὰς
287 371 461 459 Χάριτας
485 375 519 439 oi
539 371 601 458 μὲν
625 373 658 452 ἐξ
677 367 879 457 Εὐρνδόμης
902 367 992 462 αὐτῷ
1016 395 1109 456 γεγο-

95 484 193 557 νυίας
215 481 259 567 τῷ
284 476 425 565 μάλιστα
449 479 481 559 ἐξ
506 475 632 563 εὐρέων
649 478 705 544 καὶ
725 475 974 564 διαβεβηκότων
994 475 1109 562 δόμων

94 582 153 663 τὰς
176 580 304 668 δωρεὰς
325 590 438 668 φιλεῖν
460 587 630 669 δίδοσθαι,
655 585 691 650 οί
711 581 742 650 δ’
760 585 793 664 ἐξ
813 580 1030 669 Εὐρυνόμης,
1052 582 1108 649 καί

91 688 216 758 τούτου
242 688 465 778 παριστάντος
492 688 543 758 ὅτι
573 689 847 776 χαριστικότεροί
871 688 941 768 πως
970 693 1056 756 είσιν
1085 684 1107 774 ἢ
1202 762 1207 768 ,

92 793 292 882 ὀφείλουσιν
311 793 398 863 εἶναι
417 796 452 863 οί
469 794 633 882 μεγάλους
651 797 796 883 κλήρους
813 793 1002 881 νεμόμενοι,
1021 793 1135 873 τινὲςι

96 899 126 968 δ’
143 903 177 982 ἐξ
192 899 468 989 Εὐρυμεδοόσης,
492 905 540 979 είς
555 899 655 969 ταύτὸ
672 906 905 980 διατείνοντος
918 901 974 967 καὶ
987 899 1109 970 τούτου

91 1011 153 1076 τοῦ
177 1009 315 1093 ἐτύμου,
342 1005 535 1091 κνριεόουσι
557 1007 621 1092 γὰρ
644 1011 712 1075 τοῖν
741 1011 839 1075 ίδίων
864 1010 900 1075 οί
919 1006 1109 1092 ἄνθρωποι·

92 1112 154 1199 τὴν
170 1111 201 1180 δ’
215 1111 324 1200 Ἥραν
337 1113 433 1182 ἄλλοι
449 1113 605 1182 διδόασιν
620 1110 735 1192 αὐταῖς
757 1115 898 1202 μητέρα,
917 1112 962 1182 ἵν’
980 1111 1109 1200 εὐμενέ-

95 1240 209 1288 σταται
227 1223 295 1288 των
309 1223 401 1289 θεῶν
416 1213 515 1306 ὦσιν,
534 1217 579 1300 ὡς
593 1221 669 1308 περὶ
683 1224 751 1288 τῶν
765 1218 918 1309 πράξεων
932 1223 1004 1287 είσι.
1026 1217 1110 1307 πρὸς

91 1323 197 1414 ἄλλην
221 1327 258 1395 δὲ
281 1333 426 1414 ἔμφασιν
449 1326 574 1414 γυμναὶ
596 1325 869 1413 παρεισόχονται,
893 1324 939 1406 ιός
960 1326 1015 1393 καὶ
1037 1313 1107 1394 τοῖιν
1124 1350 1149 1390 ιο

92 1435 198 1520 μηδὲν
216 1438 323 1520 κτῆμα
343 1432 488 1520 ἐχόντων
507 1430 699 1517 ὑπουργεῖν
709 1458 785 1500 τινα
808 1430 984 1519 ὠφελίμως
1004 1437 1108 1520 [χαρί-

96 1545 210 1619 ζεσθαι
229 1537 348 1622 πολλὰ]
370 1539 568 1625 δυναμένων
587 1537 642 1605 καλ
662 1535 704 1604 οὐ
722 1536 1013 1624 περιουσιάζεσθαι
1027 1539 1109 1606 ποίν-

92 1671 170 1730 τως,
189 1648 246 1713 ἰ’να
265 1671 315 1724 τις
337 1641 545 1732 εὐεργετικὸς
562 1636 599 1733 ᾖ,
623 1643 769 1727 δέοντος,
789 1641 834 1721 ὡς
853 1651 978 1730 είρηται
996 1645 1051 1710 καὶ
1070 1642 1109 1711 τὸ

328 1769 447 1848 ξενίων
471 1769 511 1834 δέ
530 1793 566 1834 τε
588 1765 699 1853 θυμὸς
723 1765 872 1851 ἄριστος·

92 1890 180 1972 τινὲς
204 1889 241 1958 δὲ
265 1897 393 1958 οίονται
422 1889 478 1957 διὰ
506 1893 565 1974 τῆς
587 1896 787 1976 χυμνητείας
810 1888 922 1958 αὐτῶν
949 1894 1106 1977 παρίστα-
1123 1913 1149 1954 15

93 2007 176 2066 σθαι
203 1996 240 2065 τὸ
269 1991 415 2075 εὐλύτως
441 1996 497 2063 καὶ
525 1992 774 2082 ἀνεμποδίστως
805 1999 879 2063 δεῖν
910 2001 997 2083 ἔχειν
1027 1998 1110 2081 πρὸς

92 2102 129 2172 τὸ
159 2109 361 2191 χαρίζεσθαι.
412 2104 565 2188 λέγονται
594 2100 625 2168 δ’
656 2099 716 2187 ὑφ’
748 2092 796 2169 ὧν
825 2101 886 2188 μὲν
918 2100 980 2168 δύο
1011 2099 1108 2188 εἶναι,

93 2207 152 2296 ὑφ’
179 2201 227 2278 ὧν
252 2208 289 2277 δὲ
312 2222 411 2299 τρεῖς·
440 2207 503 2276 δυο
532 2209 608 2294 μέν,
637 2204 749 2293 ἐπειδὴ
777 2204 858 2286 τοὺς
883 2207 944 2294 μὲν
966 2229 1108 2295 προκατ-

91 2315 207 2404 άρχειν
223 2319 277 2385 δεῖ
287 2315 431 2404 χάριτος,
450 2311 528 2394 τοὺς
545 2312 583 2382 δὲ
597 2309 808 2400 ἀμείβεσθαι·
827 2325 914 2397 τρεῖς
929 2311 977 2397 δὲ,
995 2311 1108 2400 ἐπειδὴ

90 2427 200 2515 καλῶς
223 2428 288 2508 ἔχει
310 2419 371 2489 τὸν
389 2419 563 2506 τετευχότα
581 2416 723 2506 ἀμοιβῆς
742 2417 878 2486 ἑστάναι
896 2417 998 2485 πόλιν
1016 2444 1106 2506 χαρι-
1121 2441 1147 2480 20

91 2534 225 2613 στικοῑς,
248 2531 304 2595 ἵνα
326 2524 585 2604 ιἰκατατιαόστως
607 2528 705 2593 τοῦτο
725 2530 874 2613 γίνηται,
896 2524 1050 2594 τοιοῦτόν
1074 2553 1106 2593 τι

90 2632 228 2718 καὶτῆς
255 2637 386 2718 χορείας
413 2629 524 2699 αὐτῶν
551 2631 789 2718 ἐμφαινούσας.
835 2632 941 2718 ἕτεροι
970 2629 1002 2698 δ’
1028 2637 1105 2719 ἔφα

164 2832 187 2878 1.
211 2821 347 2915 Χάριτας]
366 2820 432 2911 χόρ.
457 2844 543 2888 ουσας
566 2843 638 2880 α-
664 2833 687 2881 2.
709 2821 865 2910 ἐξεόρὲαιν
884 2822 935 2881 αὲ
922 2770 1057 2892 ἕξεδόίΜν
1076 2828 1110 2881 Ν

89 2890 120 2961 ἐξ
140 2891 261 2962 ἕδραίων
276 2893 302 2948 G
320 2913 377 2949 ακο
398 2890 639 2965 ἕξηρμὲνωνο-
658 2892 870 2981 διαβεβηκότων
888 2899 1047 2980 (διαβεμηκ,
1064 2899 1106 2967 Χ)

92 2958 359 3054 Οδιαβεβοημένων
375 2966 420 3035 Μ
437 2966 594 3021 Εαιίοομ-
613 2972 637 3021 3
652 2972 677 3022 4.
697 2967 745 3021 καλ
763 2962 865 3022 τοότου
883 2967 1105 3034 παριστῶντοςδ

89 3033 143 3091 κᾶν
162 3031 253 3122 τούτῳ
264 3036 456 3122 ταριστόντες
471 3038 517 3108 Μ
525 3053 586 3092 ο-
553 3041 626 3092 -8,
643 3044 666 3092 9.
687 3032 725 3090 ἵν’
738 3034 937 3124 εόχενέσταται
957 3040 1013 3091 τῶν
1026 3039 1105 3093 θεῶν

89 3097 157 3161 οἷσιν
181 3127 219 3168 ως
242 3102 325 3192 (ως
313 3127 328 3160 ο
351 3099 401 3174 Χ)
412 3106 551 3173 περὶτῶν
572 3106 703 3177 πρόξενον
722 3107 776 3163 εἰσὶ
794 3103 855 3176 (η’σί
865 3108 891 3161 L
908 3103 967 3193 ἠσί.
984 3104 1045 3162 Μ’
1015 3126 1105 3198 ησιρς

117 3177 255 3261 )ιι·[ί’να]
276 3172 476 3245 ευχενὲσταται
497 3178 551 3231 τῶν
575 3183 605 3234 θ.
627 3177 680 3232 εἰσὶ
699 3177 779 3245 (είσλν
799 3179 834 3248 θ)
854 3180 870 3234 b
894 3175 970 3232 καθὸ
991 3172 1104 3248 εόχενέ-

90 3265 188 3302 σταται
201 3268 258 3302 των
272 3248 351 3302 θεων
367 3247 487 3303 είσίο-
505 3254 545 3304 11.
560 3249 609 3303 καὶ
624 3244 832 3321 ὥφελίμωςΜ
838 3249 990 3335 Ρ(’ῖ)οο-
1004 3255 1044 3305 13.
1060 3252 1104 3304 δε-

89 3313 272 3381 όντωςΟ-
290 3324 332 3374 20.
353 3325 395 3372 21,
414 3318 593 3391 χαριστικῶς]
612 3321 758 3408 χαριστίαν
776 3320 852 3373 P·-
873 3325 915 3373 21.
939 3337 1104 3374 ακατασπα-

91 3389 226 3451 στωςλ-
242 3408 372 3444 τοιουτου
385 3410 412 3444 τι
422 3390 505 3460 Βοκιμ
520 3389 569 3444 καὶ
582 3387 668 3445 τουθ
680 3385 810 3444 ότιΟ-
826 3395 868 3446 22.
886 3390 1105 3460 χορείαςθεαιικ

89 3461 185 3528 χρείας
205 3477 223 3514 α
240 3455 326 3530 χρόας
344 3461 380 3516 δι

908 3550 950 3598 (ιλ
