2490 3848
409 231 573 289 CODIOUM
591 230 788 289 RECENSUS.
1055 257 1103 303 xv

90 385 211 459 addam,
235 386 313 442 teste
331 382 489 456 Anzionio,
513 382 733 442 Laurentianus
751 383 915 458 praefecto,
938 405 966 460 p.
989 388 1039 462 12,
1063 390 1102 447 19

90 475 120 532 in
144 474 200 533 hoc
222 472 322 531 codice
344 491 405 531 non
426 473 531 548 τμῆσιν
554 470 581 530 εἰ
603 471 656 531 sed
677 475 783 548 λμηοιν
805 469 835 530 εἴ
853 464 927 554 (sic)
950 473 1021 550 legi.

182 563 232 621 16.
252 557 369 619 (iiraldi
387 553 543 640 (Gyraldi)
564 550 816 641 (1479-1552)
835 562 966 621 codicem
978 565 1042 622 ¹buc
1060 584 1105 624 re·

90 649 247 710 ferendum
267 667 333 708 esse
356 667 393 708 ex
416 651 459 709 eis
483 649 588 721 elucet,
611 667 688 725 quae
711 649 807 708 multa
830 669 866 708 ex
888 650 941 708 illo
966 657 1105 728 excerpta

90 740 122 799 in
144 739 203 798 viri
226 736 306 796 docti
328 739 468 812 operibus
493 729 554 818 (ed.
577 737 694 797 Iensius
718 755 744 796 a.
771 739 870 814 16963
898 739 935 800 cf.
958 739 1104 816 imprimis

90 833 162 887 tom.
186 826 201 885 I
224 846 253 902 p.
278 819 358 904 302)
382 829 549 884 occurrunt.

180 913 237 975 III.
261 912 353 973 Codri.
375 914 495 990 generis
514 931 543 989 c,
567 914 646 989 quod
667 916 714 973 est
732 912 935 977 deterrimum.
972 917 1106 994 Vulgata

92 1023 169 1081 quae
190 1001 298 1061 dicitur
316 1002 492 1079 plerumque
507 1022 542 1061 ex
557 1003 612 1062 hoc
625 1021 736 1080 genere
749 1003 849 1082 fluxit,
872 1005 962 1082 idque
977 1007 1106 1066 maxime

93 1112 130 1152 ex
152 1091 268 1151 familia
291 1091 319 1169 β.

93 1261 107 1351 (
181 1172 216 1259 α)
245 1180 394 1348 οὶ)οοδδ.,
425 1180 478 1257 qui
499 1176 693 1256 inso'iiptione
719 1199 812 1258 prope
842 1181 881 1240 ad
913 1201 933 1242 a
962 1184 1107 1243 accedunt

107 1269 175 1330 vide
198 1289 226 1344 p.
253 1272 297 1328 1.

184 1361 233 1419 17.
256 1357 448 1418 Florentinus
467 1357 688 1418 Laurentianus
711 1358 751 1434 pl.
772 1360 813 1418 58
834 1359 896 1419 οοδ.
913 1362 964 1437 13,
988 1357 1107 1420 Osanna

92 1447 182 1507 Laur.
207 1450 239 1521 3,
264 1447 377 1506 saeculi
398 1446 464 1515 XV.

184 1539 235 1596 18.
258 1535 391 1595 Venetus
415 1535 585 1593 Marcianus
609 1536 688 1608 513,
711 1533 790 1593 XIV.
815 1536 933 1605 saeculi.

186 1627 236 1685 19.
259 1624 393 1684 Venetus
422 1623 592 1682 Marcianus
616 1624 695 1690 531,
718 1622 782 1681 XV.
807 1624 931 1698 saeculi,
959 1626 1109 1685 consentit

94 1729 162 1772 cum
188 1713 340 1772 Marciano
368 1714 442 1772 513.
491 1711 575 1770 Duae
603 1711 634 1769 in
660 1711 717 1771 hoc
744 1712 843 1771 codice
873 1713 943 1770 sunt
973 1715 1109 1788 opusculi

95 1797 239 1858 Cornutei
264 1800 488 1876 inscriptiones,
520 1817 581 1857 una
612 1817 735 1875 prorsus
768 1819 835 1858 cum
865 1819 901 1858 ea
934 1818 1108 1877 congruens,

95 1905 184 1963 quam
207 1905 261 1946 nos
285 1905 388 1946 veram
409 1887 619 1960 iudicavimus,
643 1887 739 1945 altera
761 1887 881 1962 qualem
903 1908 932 1963 p.
958 1891 974 1946 1
1000 1889 1032 1947 in
1054 1891 1110 1949 hoo'

95 1976 194 2036 codice
218 1993 364 2052 apparere
387 1975 498 2033 dictum
522 1978 577 2034 est.
622 1973 733 2034 Scribit
763 1977 864 2034 autem
886 1974 961 2034 mihi
983 1976 1110 2055 Veludo,

94 2066 142 2126 vir
165 2064 368 2136 doctissimus,
392 2063 578 2122 Bessarionis
598 2082 690 2122 manu
707 2063 792 2123 illam
814 2063 945 2140 priorem
964 2067 1110 2142 conscrip-

95 2157 159 2213 tam
181 2152 285 2213 videri.
326 2152 432 2227 Itaque
455 2151 534 2228 quod
558 2150 744 2211 Gaisfordius
768 2151 807 2210 ad
825 2151 924 2212 Procli
943 2152 1109 2217 Chrestom

94 2262 123 2318 p.
139 2243 202 2302 477
226 2241 375 2300 memorat
396 2240 486 2300 huius
505 2241 568 2300 cod.
587 2240 810 2317 inscriptionem
829 2259 895 2301 esse
916 2237 1110 2321 Φουρνούτοα

95 2323 216 2408 ἐπιτομὴ
249 2326 315 2408 περὶ
346 2325 406 2389 τῶν
432 2325 681 2409 παραδεδομένων
707 2325 774 2406 περὶ
800 2330 897 2407 θεῶν,
930 2331 977 2390 vir
1004 2331 1109 2392 doctus

96 2419 219 2481 erravit.
235 2450 272 2459 —
288 2417 337 2477 Ad
355 2418 446 2478 finem
464 2418 612 2494 opusculi,
635 2419 687 2477 ubi
701 2417 801 2477 deficit
819 2412 859 2492 ci,
882 2418 966 2477 cuius
991 2420 1112 2494 quidem

95 2507 228 2566 familiae
246 2507 408 2582 scripturas
430 2506 464 2566 in
485 2507 589 2566 critica
611 2505 797 2582 supellectile
819 2506 938 2584 generis
961 2507 1047 2583 signo
1067 2500 1109 2592 (c)

96 2597 279 2672 notavimus,
306 2596 396 2654 huius
425 2595 533 2655 codicis
562 2595 704 2654 lectiones
734 2613 768 2655 eo
798 2595 882 2671 signo
905 2595 1111 2659 indicavimus.

189 2685 239 2744 20.
262 2683 424 2743 Vaticanus
451 2686 545 2760 1314,
568 2683 633 2742 XV.
657 2684 778 2743 saeculi.

189 2772 239 2831 21.
262 2772 449 2832 Matritensis
466 2775 516 2849 66,
534 2772 599 2834 XV.
615 2773 735 2849 saeculi,
758 2770 923 2831 Cornutum
942 2765 1112 2853 (Φροονού-

98 2880 150 2920 τοο
182 2856 214 2917 ἐκ
246 2861 305 2918 τῶν
335 2857 584 2938 παραδεδομένων
610 2853 754 2939 ἕπιδρομὴ
782 2852 855 2919 κατὰ
877 2853 933 2937 τὴν
955 2856 1111 2940 ἓλληνιαὴν

98 2941 244 3027 θεωρίαν)
268 2948 299 3005 et
321 2946 539 3024 Palaephatum
562 2950 716 3009 continens
725 2940 758 3030 ¹).

189 3039 240 3096 22.
263 3035 418 3095 Parisinus
443 3039 541 3112 3052,
567 3036 687 3098 Osanno
710 3036 805 3096 Paris.
831 3039 862 3111 5,
885 3036 966 3098 XVI.
991 3038 1109 3097 saeculi.

99 3193 312 3201 —-—.-----

173 3277 199 3345 1)
219 3276 260 3332 cf.
280 3275 391 3332 loannis
409 3274 544 3332 lriartii
561 3277 666 3346 Regiae
679 3275 748 3331 bibl.
758 3275 930 3332 Matritensis
944 3276 1004 3330 cod.
1019 3293 1111 3346 graec.

100 3351 178 3416 1789,
196 3345 318 3414 Matriti3
341 3347 372 3402 in
395 3364 478 3416 quem
501 3345 605 3402 librum
628 3365 691 3402 oum
709 3349 776 3402 ante
798 3364 902 3418 paucos
921 3346 1034 3401 demum
1052 3348 1111 3404 dies

99 3417 386 3544 {rpcsieffiervippipnpodicis
405 3417 577 3474 Matritensis
601 3418 676 3488 quod
693 3436 721 3489 p.
742 3424 755 3472 1
782 3418 860 3473 nulla
882 3417 914 3472 fit
937 3419 1042 3474 mentio
1066 3435 1112 3474 cx-
