2490 3848
188 114 233 178 48
584 115 809 169 KOPNOTTOT

188 254 327 341 ταύτην·
355 254 474 335 Πόθος
499 253 531 322 δ’
551 254 616 325 ιἰπὸ
642 261 700 343 τῆς
723 260 791 324 τῶν
811 254 1007 343 φιλημάτων
1026 256 1205 343 μιμήσεως,

190 359 274 429 ὅθεν
294 366 367 447 ἔσχε
384 359 448 447 ’τὴν
465 365 585 447 κλῆσιν
604 362 659 429 καὶ
679 358 697 429 ὁ
716 360 865 447 πάππος,
889 359 909 449 ἢ
932 359 997 430 ἀπὸ
1021 366 1082 429 τοῦ
1100 361 1205 430 πολλὰ

190 466 430 535 πυνθάνεσθαι
457 468 531 552 περὶ
560 471 628 535 τῶν
657 470 835 553 ἐρωμένων
861 467 942 546 τοὺς
968 470 1114 554 ἐρῶντας
1139 472 1206 552 [καὶ

191 570 303 641 αὐτῶν
327 575 480 659 ἐκείνων,
503 572 612 641 πόθεν
631 579 785 661 ἔρχονται
804 574 859 640 καὶ
876 578 944 641 που
961 566 1072 660 ἦσαν].

164 699 177 739 ⁵
249 679 360 749 Ἔνιοι
384 681 421 748 δὲ
444 678 582 748 καὶτὸν
613 677 695 748 ὅλον
717 678 846 765 κόσμον
868 686 1062 766 νομίζουσιν
1075 680 1206 766 Ἔρωτα

192 783 295 872 εἶναι,
317 784 423 854 καλόν
446 812 480 854 τε
502 786 558 854 καὶ
579 784 807 873 ἐπαφρόδιτον
830 785 885 852 καὶ
904 783 1027 871 νεαρὸν
1047 785 1129 856 όντα
1152 789 1206 855 καὶ

190 891 420 981 πρεσβύτατον
443 891 511 980 ἅμα
533 892 671 961 πάντων
694 892 750 959 καὶ
772 895 885 982 πολλῷ
904 894 1108 979 κεχρημένον
1127 894 1207 979 πυρὶ

191 998 246 1066 καλ
264 1011 400 1085 ταχειαν
418 995 527 1085 ωσπερ
547 993 613 1063 απὸ
632 990 797 1081 τοξείαςῆ
819 993 875 1062 διὰ
889 1020 1020 1082 πτερων
1038 995 1101 1083 τὴν
1115 1003 1208 1125 κίνχ-

191 1124 247 1172 σιν
266 1102 486 1189 ποιούμενον·
506 1102 547 1190 (ο
566 1102 635 1192 26.)
652 1106 774 1170 τοῦτον
795 1099 825 1168 δ’
842 1100 951 1180 αλλως
968 1099 1056 1169 εἶναι
1074 1101 1180 1170 καὶ
1148 1130 1207 1171 τον

151 1228 178 1268 10
183 1207 389 1294 Ἄτλαντα,
413 1205 653 1336 αταλαιπρόρως
673 1205 931 1275 ἀποδιδόντα
898 1235 937 1276 τα
956 1206 1038 1275 κατὰ
1056 1206 1136 1287 τοὺς
1154 1211 1208 1295 έμ-

191 1315 448 1402 περιεχομένους
472 1315 508 1382 ἐν
532 1311 622 1406 αότω
646 1312 769 1400 λόγους
786 1305 947 1401 γινόμενα
970 1311 1088 1381 καλ”
1046 1339 1134 1381 ουτω
1153 1315 1208 1380 καὶ

191 1419 251 1488 τὸν
275 1417 426 1508 οὐρανὸν
448 1420 670 1507 βαστάζοντα,
694 1425 782 1507 ἐχειν
807 1420 844 1487 δέ
864 1425 980 1499 κίονας
1002 1418 1129 1507 μακρὰς
1151 1419 1209 1500 τὰς

191 1532 259 1597 τῶν
290 1533 462 1615 στοιχείων
496 1527 671 1614 δυνάμεις,
699 1514 784 1595 ’καθ’
814 1523 854 1606 ἃς
884 1523 924 1593 τὰ
956 1525 1018 1612 μέν
1049 1524 1207 1613 ἀνωφερῆ

192 1636 276 1719 ἐστι,
300 1618 352 1700 τδιΙ
365 1632 402 1700 δέ
425 1638 616 1721 κατωφερῆ’
640 1630 704 1700 ὑπὸ
724 1632 853 1701 τούτων
872 1631 935 1719 γὰρ
955 1636 1208 1717 διακρατεῖσθαι

152 1759 178 1799 15
192 1740 251 1809 τὸν
275 1736 426 1826 οὐρανὸν
449 1739 504 1807 καὶ
527 1737 589 1825 τὴν
612 1743 691 1826 γῆν·
714 1737 909 1826 ὀλοόφρονα
933 1735 964 1804 δ’
991 1735 1094 1806 αὐτὸν
1123 1742 1209 1824 εἰρῆ-

192 1856 274 1914 σθαι
294 1843 406 1914 διὰτὸ
426 1846 583 1934 περὶτῶν
605 1841 695 1913 ὅλων
714 1849 904 1934 φροντίζειν
917 1844 973 1913 καὶ
987 1853 1210 1931 προνοεῖσθαι

191 1956 249 2039 τῆς
267 1953 402 2018 πάντων
423 1948 556 2034 [αὐτοῦ]
577 1955 644 2019 τῶν
662 1957 774 2037 μερῶν
793 1955 966 2039 σωτηρίας.
998 1952 1034 2018 ἐκ
1054 1949 1085 2018 δ’
1105 1951 1210 2019 αὐτοῦ

190 2056 250 2137 τὰς
272 2057 441 2140 Πλειάδας
462 2056 637 2141 γεγονέναι
668 2057 914 2142 παρισταμένου
941 2052 991 2122 ὅτι
1025 2054 1134 2122 πάντα
1167 2055 1206 2124 τοὶ

192 2163 297 2252 ἄστρα
312 2168 451 2231 πλείονα
467 2160 549 2230 όντα
558 2163 749 2247 ἐγέννησεν,
756 2158 916 2251 Ἀστραίῳ
927 2185 961 2227 τε
970 2159 1026 2227 καὶ
1036 2159 1209 2246 Θαύμαντι

265 2382 289 2431 2.
309 2368 451 2437 πάπαςα’
470 2375 568 2435 παπᾶς
586 2373 700 2442 (ονςΒ
718 2391 783 2426 --οπ
803 2371 853 2441 W)
872 2376 983 2427 cett.-
1002 2377 1027 2428 3.
1047 2376 1072 2426 4
1092 2371 1140 2426 καί
1160 2367 1209 2426 αό-

196 2447 254 2502 τῶν
273 2442 391 2501 ἐκείνων
412 2445 435 2499 0
458 2437 563 2498 καλ’
526 2465 563 2499 αν
587 2445 643 2498 τῶν
663 2438 781 2499 ἐκείνων
801 2441 845 2528 Of.
873 2440 1004 2509 καὶπερὶ
1023 2436 1118 2496 αὐτῶν
1138 2439 1209 2497 ἐκεί-

192 2537 261 2578 νους
286 2517 333 2571 vel
358 2515 406 2570 καὶ
431 2515 496 2582 περὶ
521 2513 616 2570 αότων
643 2511 761 2570 ἐκείνων
785 2509 852 2574 τοὺς
880 2509 1039 2582 ἐρωμένους
1067 2513 1210 2597 Πίίρίροω.

193 2587 266 2641 Vide
285 2602 320 2640 ne
338 2587 429 2640 totum
429 2587 522 2671 quod
542 2589 586 2641 est
603 2585 638 2640 de
652 2581 749 2657 Ιμερῳ
768 2586 798 2638 et
815 2579 907 2657 Πόθῳ
926 2600 1035 2640 comma
1053 2585 1092 2639 sit
1110 2584 1209 2640 eicien-

194 2659 317 2713 dum-
337 2661 363 2711 8
382 2651 440 2710 απὸ
458 2657 508 2741 τῆς
525 2657 635 2722 τοξείας
654 2656 690 2711 bc

266 2727 366 2782 XXVI.
386 2732 410 2782 9.
425 2722 527 2781 τούτου
542 2727 605 2797 aN
614 2743 628 2781 ο
643 2725 773 2781 τοιοῦτον
790 2725 883 2781 Os.-
898 2732 922 2782 9.
938 2732 980 2780 10.
997 2723 1071 2798 [τὸν]
1086 2722 1210 2782 ατλαντα

194 2798 346 2869 LKbe—
358 2804 400 2851 11.
416 2792 496 2852 ἐν
462 2817 539 2869 αυτῳ
528 2798 597 2853 ’.08
595 2765 785 2851 -καλοντω
800 2790 900 2884 (ουτως
913 2799 942 2867 ω)
956 2792 1171 2852 καλοδκαλ
1136 2817 1209 2850 ουτω

196 2839 303 2954 [nahe
289 2869 376 2940 ν[κ.]
404 2852 922 2955 οντ.κ.Οε.-1λ.τὸνρόρανδν
947 2868 1016 2924 Οτ.
1041 2887 1064 2952 ρ.
1088 2866 1137 2921 καλ
1158 2864 1210 2934 τὴν

195 2941 366 3029 χῆνθε.-
387 2946 428 2993 15.
448 2935 498 2993 τόν
517 2934 577 3007 οόρ.
597 2960 622 2995 κ.
641 2936 693 3008 τὴν
700 2933 849 3025 yrva'2V
870 2940 906 3010 [τ
921 2958 945 2992 ο.
960 2939 997 3008 κ.]
1018 2958 1070 3006 την
1088 2937 1210 3024 χηνδ

196 3043 230 3051 -
253 3007 413 3079 δλοόφρονα
432 3008 578 3064 LNG-
598 3016 643 3064 16.
663 3029 714 3065 τον
734 2966 801 3065 όλον
814 3011 959 3066 Schm-
979 3015 1021 3063 18.
1040 3005 1210 3076 παρισταμέ-

193 3102 246 3139 νου
265 3082 349 3152 Εαυρ
375 3078 603 3151 παρισταμενονς
625 3081 697 3137 ωΝα
722 3077 924 3152 παριστάμενοι
943 3079 1019 3134 Eud.
1042 3079 1210 3146 παριστᾶσιν

195 3208 246 3292 (-σι
269 3201 516 3293 &NH-19
540 3198 663 3274 ἄστραίω
688 3202 723 3274 V
747 3221 853 3268 αστρεω
878 3195 955 3255 Μ’
937 3218 1044 3268 αστρεω
1069 3200 1135 3273 PVl
1144 3202 1214 3257 GW

195 3272 303 3344 ἄστρέω
318 3244 414 3330 Lb’
386 3271 504 3363 αστρεοό
523 3275 605 3330 N-
571 3242 766 3344 -δαόμαντι
780 3275 820 3345 N,
840 3268 1001 3342 θαόμαντις
1019 3271 1079 3341 (sed
1098 3293 1135 3328 αν
1154 3291 1211 3329 non

93 3361 99 3373 ·
196 3348 268 3416 pur.)
289 3347 315 3402 G
333 3342 479 3418 αδόμαντι
498 3346 576 3417 (inl
596 3364 633 3402 er.
658 3345 696 3415 V)
716 3345 788 3400 οΝν
