2490 3848
130 205 172 270 28
523 210 748 263 Κουσουυου

130 344 195 415 ὑπὸ
217 351 286 416 τῶν
307 346 354 434 μῆ
374 350 558 418 συνιέντων
581 346 603 417 ἃ
627 353 846 436 αἰνίττονται,
874 352 1087 438 κεχρημένων
1110 347 1140 420 θ’

130 449 243 532 αὐτοῖς
262 450 307 533 ὡς
324 455 380 522 καὶ
394 468 464 536 τοῖς
481 457 683 542 πλάσμασιν,
700 452 1012 542 άλόμωςτίθεσθαι.
1042 456 1145 525 πάλιν

128 564 247 628 τοίνυν
268 564 403 650 πρῶτον
420 560 482 648 μέν
497 560 690 649 ἐμύθευσαν
709 560 746 630 τὸ
761 560 851 643 Χάος
869 563 1039 647 γενέσθαι,
1060 572 1144 631 καθ-

130 665 212 754 άπερ
242 665 259 737 ὁ
283 664 439 748 Ἡσίοδος
462 671 602 754 ἱστορεῖ,
631 666 711 754 μετὰ
735 667 772 736 δέ
800 665 882 736 αὐτὸ
907 665 970 754 τῆν
993 673 1065 755 Γῆν
1088 671 1143 738 καὶ

103 770 190 840 στὸν
216 772 389 862 Τάρταρον
416 771 556 842 καὶτὸν
573 770 722 861 Ἔρωτα,
751 774 787 841 ἐκ
814 773 852 842 θέ
879 777 941 842 τού
964 773 1077 855 Χάους
1106 773 1143 844 τὸ

119 877 260 967 Ἔρεβος
281 879 336 946 καὶ
359 876 420 965 τῆν
442 878 559 947 Νύκτα
583 882 704 966 φῦναι,
728 881 764 947 έκ
786 879 824 948 δέ
845 884 905 975 ,τῆς
927 879 1061 961 Νυκτὸς
1083 881 1144 949 τὸν

130 985 262 1069 Αἰθέρα
288 983 345 1051 καί
371 982 435 1070 τῆν
452 981 608 1070 Ἡμέραν.
654 989 723 1053 ἔστι
751 985 789 1054 δέ
811 985 907 1067 Χάος
931 986 992 1074 μέν
1019 986 1056 1056 τὸ
1080 987 1144 1075 πρὸ

129 1094 188 1178 τῆς
211 1087 459 1176 διακοσμήσεως
483 1089 668 1176 γενόμενον
690 1087 813 1178 ὑγρὸν,
841 1090 905 1161 άπὸ
934 1097 993 1180 τῆς
1018 1092 1146 1180 χύσεως

131 1194 236 1276 οὕτως
263 1194 521 1284 ὠνομασμένον,
551 1192 632 1283 ῆτό
659 1199 742 1286 πῦρ,
772 1195 792 1267 ὅ
819 1199 910 1267 έστιν
936 1201 1040 1268 οἰονεί
1065 1199 1146 1279 κάος

91 1323 118 1363 10
133 1301 152 1391 [·
175 1300 231 1368 καί
255 1298 335 1369 αὐτὸ
360 1300 398 1370 δὲ
420 1302 553 1390 κέχυται
578 1299 633 1370 διὰ
653 1300 716 1388 τῆν
738 1305 997 1391 λεπτομέρειαν].
1042 1297 1084 1391 ῆν
1109 1305 1149 1371 θέ

129 1432 222 1493 ποτε,
257 1399 284 1474 ά
310 1421 386 1493 παλ,
421 1411 489 1497 πύρ
517 1407 557 1478 τὸ
586 1412 654 1478 πάν
689 1409 743 1477 καὶ
772 1408 946 1496 γενήσεται
975 1410 1077 1479 πάλιν
1108 1413 1145 1478 έν

129 1513 285 1604 περιόθφ.
340 1516 542 1601 σβεσθέντος
565 1515 612 1584 ’δέ
644 1520 691 1596 εἰς
724 1512 807 1604 άέρα
839 1513 944 1585 αύτού
980 1516 1145 1604 μεταβολὴ

129 1617 243 1709 άθρόα
265 1627 392 1708 γίνεται
416 1625 463 1701 εἰς
485 1618 594 1708 ὕδωρ,
619 1617 638 1689 ὃ
662 1619 703 1707 θῆ
727 1624 889 1708 λαμβάνει
912 1627 973 1690 τοῦ
996 1623 1058 1710 μὲν
1081 1621 1146 1710 ὑφ

32 1794 35 1799 .
130 1730 312 1816 ισταμένου
335 1729 457 1815 μέρους
477 1732 535 1814 τῆς
559 1724 675 1807 οὐσίας
696 1727 780 1796 κατὰ
807 1730 996 1814 πύκνωσιν,
1023 1733 1091 1797 τοῦ·
1109 1729 1147 1797 δὲ

92 1852 116 1894 15
131 1835 379 1922 λεπτυνομένου
395 1829 466 1900 κατ’
489 1829 662 1920 ἀραίωσιν.
689 1832 825 1914 εἰκότως
843 1826 907 1902 ούν
922 1839 1052 1921 ἔφασαν
1066 1833 1147 1922 μετὰ

130 1940 170 2009 τὸ
192 1939 282 2021 Χάος
304 1938 366 2026 τῆν
388 1966 423 2008 τε
446 1941 519 2025 Γῆν
541 1939 700 2025 γενέσθαι
727 1940 782 2007 καί
810 1937 850 2007 τά
876 1938 1035 2027 ἠερόεντα
1062 1939 1147 2028 Τάρ-

73 2040 76 2044 “
130 2073 215 2135 ταρα
230 2053 255 2132 [,
272 2043 293 2114 ά
309 2044 351 2133 θῆ
366 2043 475 2132 μυχὸν
492 2049 561 2132 Γῆς
575 2043 751 2135 ὠνόμασεν
765 2043 784 2114 ὁ
799 2047 1040 2133 προειρημένος
1052 2072 1147 2134 ποιη-

102 2184 105 2192 ·
130 2151 189 2239 τῆς
211 2156 256 2242 τῷ
275 2151 521 2237 περιειληφέναι
543 2148 649 2237 αύτῆν
667 2152 724 2218 καὶ
741 2150 922 2236 κρύπτειν].
952 2149 1148 2240 &monas

132 2255 197 2326 σὺν
220 2252 334 2336 αύτοίς
356 2256 485 2344 έρρῆθη
509 2256 699 2342 μεμονέναι,
726 2253 748 2342 ῆ
772 2252 858 2343 ὁρμὴ
886 2252 907 2343 ῆ
936 2258 988 2324 ἐπὶ
1011 2255 1048 2324 τὸ
1074 2283 1147 2342 μεν-

204 2457 227 2506 1.
247 2456 271 2516 2.
297 2445 367 2522 [ὑπὸ
386 2450 442 2505 τῶν
460 2481 495 2491 -
513 2447 685 2521 πλάσμασιν]
705 2451 741 2505 bc
759 2481 793 2490 —
812 2456 836 2505 2.
857 2445 894 2511 ὦς
912 2448 984 2521 [καλ]
1002 2449 1046 2505 08.
1062 2451 1101 2505 τά.
1113 2481 1147 2490 -

131 2517 239 2591 άλόχως
257 2518 330 2592 NJ
354 2516 501 2590 άναλόχως
525 2517 679 2590 (άλαλόμως
702 2537 772 2576 0011.
795 2520 825 2575 in
842 2514 989 2589 άναλόηως
1010 2521 1055 2589 Χ)
1075 2521 1148 2576 αΝο

131 2589 203 2647 ἄνευ
221 2587 324 2660 λόχουῗ
344 2622 376 2632 -
397 2599 421 2646 2.
437 2599 462 2647 3.
481 2594 618 2647 τίθεσθαι
637 2589 728 2645 πάλιν.
757 2592 869 2661 πρῶτον
887 2593 983 2645 τοίνυν
1002 2591 1090 2648 Schm.
1110 2594 1149 2646 τί·

131 2665 249 2718 θέσθαι.
283 2659 368 2717 πάλιν
393 2665 490 2718 τοίνυν
516 2663 627 2730 πρῶτον
652 2661 737 2733 [μέν]
765 2662 810 2717 08.
829 2664 868 2718 ed.
892 2663 1037 2718 τίθεσθαι.
1063 2660 1149 2717 πάλιν

132 2795 184 2858 σόν
204 2803 261 2874 [πρ.
281 2803 322 2874 μ]
342 2820 357 2858 ο
375 2834 408 2845 -
432 2809 457 2858 3.
479 2798 646 2873 ἐμύθευσαν
664 2762 690 2809 cb
698 2798 767 2872 χάος
785 2801 820 2856 N
839 2797 1003 2871 ἐμύθευσαν
1026 2801 1058 2859 τὸ
1078 2825 1102 2873 χ.
1123 2801 1147 2860 b'

133 2869 332 2945 έμυθεύσαντο
350 2895 375 2944 χ.
387 2890 429 2929 αα
442 2904 476 2915 -
496 2881 520 2928 4.
541 2869 582 2946 [ὁ]
597 2875 633 2930 θα
652 2905 684 2914 -
704 2868 767 2944 μετ’
782 2868 852 2928 aizo*
872 2871 906 2927 δὲ
921 2874 957 2929 bc
975 2905 1008 2914 —-
1029 2882 1053 2930 6.
1074 2875 1147 2946 [τῆς]

132 2941 233 3008 νυκτὸς
251 2964 270 3000 a
285 2976 318 2986 —
334 2951 357 3000 7.
377 2945 446 3001 Post
462 2940 573 3014 ἡμέραν
587 2945 624 3000 bc
641 2961 713 3014 quae
726 2944 866 3010 inserunt,
885 2961 919 2999 ειν
936 2944 1001 3000 uide
1019 2945 1050 2999 in
1068 2961 1148 3015 prae·

131 3015 239 3072 faffione
261 3047 294 3058 -
320 3021 345 3070 9.
363 3012 453 3070 σίννελ
470 3010 540 3078 πάος
558 3016 596 3070 ab
616 3013 704 3070 οἰονελ
723 3011 791 3085 χάος
809 3032 824 3070 α
842 3046 876 3056 -
896 3021 939 3071 10.
957 3016 1006 3070 κοιλ
1024 3011 1095 3069 αύτό
1115 3012 1147 3069 δέ

132 3089 177 3156 (ex
191 3084 228 3157 δὴ
243 3104 312 3143 corr.
326 3086 365 3152 B)
379 3088 433 3155 αθ,
452 3107 477 3141 ιι.
492 3105 519 3140 α.
535 3083 594 3157 [δέ]
610 3102 663 3142 en.
678 3107 705 3141 οι.
720 3083 774 3155 γάρ
790 3085 834 3142 Os.
849 3087 889 3141 ed.
905 3116 938 3126 -
956 3092 997 3140 12.
1012 3083 1148 3152 σβεσθέν-

132 3178 179 3220 τος
193 3160 229 3213 bc
242 3154 429 3219 συντεθέντος
444 3154 623 3226 (σννεὰέντσς
636 3156 663 3209 V
673 3157 859 3218 συνελθέντος
870 3157 908 3210 M
910 3157 950 3224 )α
962 3186 997 3197 -
1012 3155 1148 3225 σβεσθέν·

132 3248 179 3291 τος
193 3225 222 3284 δ’
233 3223 324 3284 υύτού
333 3226 378 3290 εἰς
391 3224 464 3296 άέρα
478 3248 506 3298 μ.
521 3247 548 3282 ιι.
562 3247 586 3296 χ.
602 3227 651 3282 καί
665 3222 742 3296 ύθιορ
753 3228 840 3282 θοίνα.
852 3257 886 3269 --
901 3231 943 3281 15.
958 3223 1031 3280 κατὰ
1044 3221 1148 3294 άραίω-

133 3317 178 3354 σιν
193 3301 265 3356 Χθσ
282 3329 317 3341 -
338 3305 379 3354 16.
398 3295 450 3368 τῆν
470 3299 527 3370 [τε]
546 3298 599 3367 γῆν
618 3299 649 3354 lb
669 3329 701 3339 -
723 3305 765 3354 17.
783 3293 802 3352 ἃ
822 3294 854 3352 θλ
872 3295 917 3351 Os.
936 3326 970 3337 -
990 3297 1067 3370 μυχῷ
1081 3297 1145 3352 Hes,

135 3369 232 3441 Γλιεομ.
254 3376 304 3426 119
322 3401 356 3411 -
384 3374 424 3425 18.
448 3367 664 3456 περιειληφέναι
683 3369 752 3424 Gale
773 3364 979 3436 προειληφέναι
999 3366 1022 3420 0
1042 3395 1072 3407 -
1098 3363 1150 3421 αὖ·

132 3436 182 3494 τὸν
201 3459 215 3496 c
233 3472 267 3483 -
287 3447 327 3496 19.
348 3439 498 3511 μεμονέναι
522 3435 630 3510 έρρηθη
650 3457 664 3495 c
681 3469 715 3480 —
735 3435 752 3508 ῆ
772 3434 843 3508 ὁρμῆ
865 3435 907 3510 [ἡ]
930 3437 1011 3493 XGc
