2490 3848
512 218 713 272 EIIIAPOMH.
1073 217 1117 282 25

106 359 276 445 σύμβολον
298 365 361 428 τοῦ
384 360 419 427 ἐκ
442 363 570 446 μικράν
593 362 705 446 μερῶν
727 358 928 428 συνεστάναι
955 358 1015 427 τὸν
1038 384 1117 447 προ·
1161 356 1164 361 ’

104 464 248 554 φορικὸν
270 465 381 553 λόγον.
422 467 551 552 λέγεται
575 464 612 532 δὲ
632 465 688 533 καί
711 463 869 554 ἀγοραῖος
895 468 1049 553 [πρῶτος]
1075 469 1118 532 εί-

104 571 220 651 κότως·
244 573 421 651 ἐπίσκοπος
441 568 504 657 γάρ
522 574 592 638 τάν
610 569 844 659 άγορενόυτων
867 572 970 639 ἐστίν·
993 570 1059 658 ἤδη
1080 571 1118 639 δὲ

104 675 167 745 άπὸ
190 680 249 764 τῆς
271 675 397 764 ἀγοράς
418 680 577 745 διατείνει
600 676 656 743 καὶ
677 679 726 754 είς
743 674 822 756 τούς
844 673 1068 763 ἄγοράζοντάς
1085 704 1118 745 τι

104 780 124 871 ἢ
147 783 410 871 πιπράσκοντας,
438 779 483 861 ὡς
509 781 617 849 πάντα
644 779 725 868 μετά
753 782 858 868 λόγον
884 794 994 850 ποιεῖν
1021 784 1146 851 δέουτ

104 911 171 970 τος·
198 890 358 958 ἐντεῦθεν
378 888 437 956 καί
459 893 526 956 τῶν
550 890 718 976 έμποριάν
741 887 915 976 ἐπιστάτης
937 893 1051 970 ἔδοξεν
1074 887 1119 957 εί-

105 1022 161 1062 υαι
178 995 235 1062 καὶ
254 996 431 1080 ἐμπολαίος
448 994 505 1062 καὶ
522 997 668 1096 κερδῷος
686 993 927 1081 ἐπωνομάσθη,
948 992 1040 1062 άσδιν
1059 994 1118 1081 μό-

105 1126 165 1180 νος
187 1098 455 1194 τύνάληθινῶυ
475 1103 606 1188 κερδῶν
629 1109 735 1181 αίτιος
757 1096 806 1168 νόν
823 1114 893 1182 τοῖς
916 1099 1119 1188 ἀνθρώποις.

104 1209 162 1293 τῆς
189 1205 227 1274 δὲ
254 1205 357 1294 λύρας
384 1203 519 1295 εὑρετής
546 1208 637 1275 ἐστιν
661 1200 735 1275 οἷον
758 1210 816 1294 τῆς
842 1211 1038 1295 συμφωνίας
1063 1206 1119 1274 καὶ

105 1309 283 1399 ὁμολογίας
301 1309 381 1380 καθ’
400 1308 444 1399 ἣν
464 1317 499 1382 οί
521 1316 638 1395 ζῶντες
655 1310 930 1400 εὐδαιμονοῦσιν,
954 1309 1119 1402 ἡρμοσμέ-
1134 1332 1161 1374 1⁰

105 1445 169 1505 νην
193 1424 281 1506 ἔχειν
304 1416 366 1505 τὴν
390 1417 548 1487 διάθεσιν
571 1417 818 1505 ἐπιβάλλοντος.
850 1422 1058 1507 παραστῆσαι
1082 1417 1120 1486 δὲ

105 1523 208 1594 αὐτοῦ
226 1524 289 1611 την
308 1525 455 1610 δύναμιν
473 1525 529 1592 καὶ
548 1522 605 1591 διά
620 1527 687 1592 τῶν
704 1521 987 1612 άπεμφαινόντων
1001 1527 1120 1594 θέλον-

104 1655 156 1710 τες
178 1631 321 1715 κλέπτην
344 1627 449 1698 αὐτόν
467 1629 665 1718 παρέδωκαν
684 1631 739 1698 καὶ
758 1635 890 1699 Δολίου
907 1628 1032 1718 Ἑρμοῦ
1056 1637 1120 1716 βω-

105 1733 170 1822 μόν
194 1741 279 1804 ἔνιοι
303 1723 498 1823 ἱδρύσαντο·
528 1735 693 1804 λανθάνει
722 1735 786 1823 γὰρ
809 1734 1059 1824 ὑφαιρούμενος
1081 1735 1121 1805 τόι

106 1841 358 1928 προδεδογμένα
384 1853 455 1921 τοίς
478 1831 672 1928 ’ἀνθρώποις
699 1843 754 1909 καὶ
783 1844 933 1910 κλέπτων
960 1838 1035 1910 ἔσθ’
1066 1839 1120 1910 ὅτε
1135 1861 1162 1904 1⁵

106 1951 145 2036 τῇ
169 1945 370 2033 πιθανότητι
393 1944 455 2033 τὴν
477 1943 659 2033 ἀλήθειαν,
687 1944 772 2016 ὅθεν
795 1946 890 2027 τινάς
914 1947 969 2014 καὶ
993 1948 1121 2017 ἐπικλό-

106 2078 181 2133 ποις
204 2051 318 2138 λόγοις
336 2055 486 2141 ,χρῆσθαι
508 2053 657 2139 λέγουσι·
685 2052 740 2120 καὶ
768 2050 832 2141 γὰρ
859 2051 898 2122 τὸ
923 2058 1121 2139 σοφίζεσθαι

105 2162 174 2228 τάν
198 2157 338 2227 εἰδότων
361 2157 450 2249 λόγῳ
470 2158 618 2246 χρῆσθαι
642 2156 732 2226 ἴδιόν
755 2161 832 2227 ἐστι.
873 2157 991 2246 νόμιος
1014 2158 1052 2228 δὲ
1070 2161 1121 2228 λέ-

105 2290 196 2351 γεται
223 2267 269 2355 τῷ
292 2259 342 2331 ἐπ’
368 2262 600 2350 ἐπανορθάσει
628 2262 727 2344 λόγος
754 2260 857 2351 εἶναι,
884 2263 1122 2352 προστακτικὸς

108 2367 155 2439 ὢν
177 2374 245 2439 τῶν
274 2367 318 2449 ὡς
343 2370 380 2437 έν
403 2374 565 2459 κοινωνία
592 2370 757 2456 ποιητέων
779 2371 835 2437 καί
862 2368 1122 2458 ἀπαγορευτικὸς
1135 2391 1161 2431 2⁰

105 2481 172 2545 τῶν
197 2474 238 2544 ού
261 2476 440 2561 ποιητέων·
468 2472 526 2541 διὰ
549 2479 634 2561 γοῦν
657 2457 729 2562 τὴνὶ
748 2472 944 2561 ὁμωνυμίαν
972 2475 1120 2564 μετήχθη

105 2582 161 2649 καὶ
188 2582 241 2649 ἐπὶ
263 2581 325 2668 τὴν
352 2584 420 2649 των
443 2584 559 2667 νομῶν
582 2577 779 2668 ἐπιμέλειαν.
822 2582 977 2666 σέβονται
1005 2581 1037 2651 δ’
1063 2581 1122 2652 αύ-

179 2746 203 2794 1.
228 2740 397 2795 συνεστάναι
420 2741 482 2810 (εἰς)
506 2741 543 2795 bc
564 2737 730 2796 συνιστάναι
755 2741 787 2794 X
807 2742 995 2796 συνίστασθαι
1018 2738 1061 2798 a‘l
1086 2774 1119 2784 -

107 2816 131 2864 2.
150 2805 285 2879 άγοριιῖος
304 2810 374 2898 [πρ]
395 2810 439 2865 Οσ.
458 2806 504 2879 άγ.
523 2811 633 2880 πρῶτος
652 2812 675 2865 0
693 2806 773 2880 άγορ.
792 2808 931 2881 πρόεδρος
954 2813 1121 2868 λ”αίολιτκαιτ

107 2912 139 2922 -
157 2887 180 2936 5.
196 2876 267 2951 μετά
281 2885 366 2948 λογον
379 2878 473 2935 πάντα
483 2882 519 2936 δι’
528 2912 562 2922 -
577 2887 602 2936 5.
613 2889 638 2938 θ.
649 2877 772 2944 δεόντως
782 2883 817 2937 bc
827 2911 860 2923 ·-
875 2888 899 2937 λ.
915 2878 1119 2955 ἐπωνομάσθη]

108 2950 208 3017 ἔδοξεν
222 2947 297 3006 εἶναι
308 2950 337 3004 Ρ
350 2980 381 2991 -
398 2947 479 3018 οὖσάνΙ
491 2947 539 3021 (ὥς
554 2946 615 3024 [ἄν]
630 2951 694 3022 Ρ)α
709 2947 799 3022 [δυσὶν
811 2983 845 2995 -
859 2960 885 3008 8.
899 2949 1075 3025 άνθρύιινις]
1086 2956 1122 3009 bc

107 3053 140 3064 —
158 3028 252 3080 13.14.
269 3016 364 3095 βωμὸν
379 3015 466 3092 δρμού
481 3018 507 3076 α’
522 3053 556 3063 —-
576 3029 616 3077 14.
636 3020 708 3077 ἔνιοι
723 3019 906 3090 ἐνιδρύσαντο
921 3020 963 3078 α’λ
980 3053 1015 3065 -
1034 3019 1120 3091 ὑφαι-

106 3091 257 3164 ρούμενος]
275 3089 358 3162 λόγος
373 3087 426 3160 ύφ.
441 3091 510 3147 Gale
522 3121 558 3134 ··-
573 3099 614 3148 14.
632 3099 681 3149 15.¹
691 3090 726 3148 τά
744 3094 959 3164 προδεδογμὲνα
973 3095 1119 3165 (προδογμ.

108 3165 152 3232 Χ)
163 3183 181 3219 α
199 3160 234 3218 τά
253 3158 447 3232 προδιδόμενα
461 3161 488 3218 G
500 3169 559 3226 τοῖς
572 3161 764 3234 προδιδόμενα
778 3164 813 3219 N
822 3161 872 3218 τὸν
885 3159 1093 3234 προδιδόμενον
1107 3182 1121 3220 α

106 3265 141 3275 -
166 3241 206 3290 15.
230 3235 358 3289 κλέπτων
375 3249 413 3288 αι
435 3231 561 3289 κλέπτων
580 3251 649 3289 corr.
672 3235 702 3290 in
726 3234 838 3291 κλέπτει
856 3235 890 3290 Ν
908 3233 1023 3289 κλέπτει
1041 3235 1067 3291 G
1086 3266 1119 3276 -

108 3311 149 3360 19.
168 3302 269 3430 292}ss
289 3305 337 3359 λΧ
353 3305 405 3359 τοῦ
424 3304 450 3359 G
468 3335 502 3346 —
522 3300 569 3359 ἐπ’
584 3301 746 3374 άνορθύσει
760 3307 797 3360 bc
815 3337 848 3347 -
867 3304 950 3375 λόγος
966 3304 1055 3362 δαίων.
1074 3303 1120 3360 νό-

106 3395 158 3444 μος
171 3394 190 3430 α
228 3372 356 3446 ονόμων
375 3375 402 3430 G
420 3405 453 3416 -
473 3381 516 3430 20.
540 3369 577 3436 ὦς
601 3371 632 3430 ίν
655 3396 725 3433 κοιν.
748 3377 834 3432 Χλόο
857 3371 917 3447 [ὥς]
943 3369 976 3432 ἒν
994 3396 1020 3432 κ.
1039 3373 1064 3432 α’
1086 3406 1119 3418 -

106 3452 149 3500 21.
171 3447 264 3517 [γοῦν]
285 3464 303 3501 α
322 3477 355 3487 -
376 3438 418 3501 λλ.
438 3447 533 3515 νομῶν
552 3446 639 3502 Schm.
658 3443 753 3518 νόμων
772 3466 791 3503 ιι
809 3442 900 3515 λόγων
918 3448 955 3503 bo
