2490 3848
429 218 593 275 CODIOUM
611 217 808 274 REOENSUS.
1072 241 1110 290 χῑ

91 371 134 452 (p.
165 373 219 445 12,
254 363 309 452 10)
342 370 473 446 margini
503 369 639 430 inferiori
668 371 740 430 haec
772 371 897 448 adlevit,
931 388 1007 447 quae
1038 373 1108 430 ante

92 459 303 521 Osannumt
268 463 303 518 ut
327 457 452 518 Cornuti
480 459 667 518 ferebantur:
692 453 758 518 Ἔτι
785 457 931 520 εἰδοποιεῖ
952 452 1003 530 τὰς
1030 452 1109 531 λιτὰς

91 541 255 625 ὃποιητὴς
283 541 322 620 ὡς
350 540 495 624 δαίμονός
524 569 613 618 τινας.
663 541 759 625 χολὰς
788 543 841 652 μὲν
871 541 961 619 αὐτός
988 543 1109 625 κέκληκε

91 629 255 739 ([κέκλιγκε]
280 638 320 695 Μ
317 629 344 740 2)
378 629 429 695 ded
456 629 487 696 τὸ
516 632 649 714 βραδέως
680 632 731 694 καί
762 630 858 742 μόλις
875 632 1029 716 προσιέναι
1059 633 1110 696 καί

90 716 255 786 λιτανεύειν
281 718 404 796 τούτους
432 746 485 796 ονς
512 717 552 783 dv
573 722 803 801 προηδικηκνῖαι
835 713 1044 803 despectrice
1076 721 1109 784 δὲ

91 810 142 884 καί
165 806 364 892 διαστρόφους
391 805 443 883 τὰς
471 806 571 889 όψεις,
599 808 662 871 ἐπεὶ
688 809 802 891 βαρέως
829 810 879 872 καὶ
907 806 942 872 od
970 807 1109 892 γεγηθότι

90 905 132 986 τῷ
171 893 320 983 προσώπῳ
367 901 526 1008 προσορᾶν
559 894 702 959 δύνανται
744 894 813 972 τοὺς
852 898 1109 980 προηδικημένοος

90 964 271 1070 ([προ]ηὸικ.
295 962 374 1069 M,),
401 982 472 1068 παρ’
504 978 547 1049 dv
576 988 725 1048 αἰτοῦνται
739 983 934 1136 ἶσνγγνιόμρν.
980 985 1053 1062 Διὸς
1076 989 1109 1050 δὲ

91 1075 258 1180 θυγατέρας
275 1081 445 1157 γενεαλογεῖ
458 1071 530 1137 ωστε
549 1076 674 1156 σεβασμί
672 1100 706 1149 ας
725 1070 807 1137 εί.ναι
846 1072 903 1136 Ex
918 1078 1034 1139 Scholio
1048 1080 1109 1140 Ho-

91 1168 201 1227 merico
225 1167 255 1245 (I
273 1165 353 1247 498)
377 1167 478 1226 omnia
500 1168 575 1226 hacc
596 1160 703 1242 petite’
728 1158 874 1248 (Osann);
898 1168 935 1226 cf.
958 1187 1025 1243 gen.
1049 1187 1073 1229 c.

182 1258 210 1316 3.
240 1256 269 1314 V
280 1281 322 1303 =
337 1255 500 1315 Vaticanus
522 1257 585 1315 942
605 1255 685 1315 XIV.
708 1256 758 1314 vel
780 1255 881 1332 potius
900 1254 964 1316 XV.
988 1258 1109 1317 saeculi.

96 1345 134 1446 V1
163 1344 327 1420 plurimum
355 1344 483 1404 concinit
511 1363 579 1404 cum
602 1344 643 1419 L,
671 1345 750 1403 unde
779 1346 833 1404 hos
862 1344 936 1403 duos
960 1347 1109 1406 communi

91 1434 176 1508 signo
196 1425 234 1514 (I)
254 1434 438 1510 notavimus3
463 1433 500 1511 V,
516 1435 621 1493 contra
639 1451 707 1492 cum
721 1451 741 1492 ο
745 1426 853 1493 'facit
890 1431 974 1492 Inest
987 1437 1109 1509 praeter

93 1522 154 1581 alia
176 1523 274 1581 multa
297 1523 388 1582 etiam
411 1522 624 1597 Palaephatus,

109 1645 111 1650 ,
180 1612 209 1670 4.
233 1610 263 1668 L
278 1635 320 1658 ==
335 1610 526 1669 Florentinus
549 1609 771 1669 Laurentianus
802 1610 879 1684 plut.
903 1610 944 1667 57
969 1611 1032 1669 cod.
1057 1613 1108 1687 26,

91 1698 155 1758 XV.
181 1701 305 1771 saeculi,
330 1698 450 1758 Osanno
474 1699 565 1758 Laur.
590 1700 618 1760 5.

183 1788 212 1847 5.
245 1787 275 1844 X
304 1812 345 1833 =
375 1785 551 1846 Oxoniensis
588 1785 1001 1845 Bodleianus-Baroccianus
1036 1788 1108 1863 131,

94 1873 187 1934 Galeo
212 1877 242 1933 et
265 1871 384 1934 Osanno
408 1873 500 1934 Oxon.
524 1875 556 1952 β,
579 1873 660 1933 XIV.
684 1873 807 1947 saeculi,
829 1873 951 1933 madore
974 1875 1108 1950 aliquan·

92 1967 160 2023 tum
183 1965 350 2037 corruptus.
395 1961 515 2020 Desinit
537 1961 637 2020 vorbis
661 1953 906 2036 ἀντιποιούμενον
928 1958 960 2020 δέ
978 1981 1042 2033 πως
1058 1966 1110 2039 τῆς

92 2051 197 2130 μίξεως
224 2044 315 2111 αὐτοῦ
347 2043 440 2110 καλὸν
472 2045 523 2108 καὶ
553 2052 692 2128 γενναῖον
723 2044 855 2126 γέννημα
883 2055 944 2121 τοῖς
976 2042 1046 2130 (εἰσ)
1079 2049 1110 2123 ἕξ

93 2133 208 2219 ἀμφοῖν
240 2132 384 2220 ἁρμονίας
416 2136 541 2198 ἐπιτελεῖ
566 2133 609 2216 (p.
642 2139 697 2211 34,
732 2133 798 2215 20).
852 2137 988 2198 Proxime
1021 2140 1060 2198 ad
1092 2143 1109 2200 b

92 2229 215 2290 accedit.

182 2321 210 2378 6.
233 2317 322 2376 Ravii
340 2309 482 2396 (hominis
501 2314 596 2374 XVII.
616 2306 706 2392 saec.)
726 2314 858 2374 codicem
876 2315 908 2374 in
926 2316 982 2375 hoo
999 2336 1109 2393 genere

91 2424 295 2478 numeramus,
320 2405 391 2481 quia
410 2402 485 2463 Gale
507 2395 559 2483 (ad
578 2403 642 2462 init.
663 2397 803 2482 CornutI)
827 2422 896 2462 sum
918 2403 1109 2480 inscriptione

92 2514 160 2554 cum
179 2493 232 2554 Ox.
251 2493 272 2572 β
289 2493 463 2553 Florentino
477 2490 624 2551 Vaticano
645 2483 690 2568 (5.
710 2493 740 2550 4.
761 2483 794 2572 3)
819 2510 984 2568 congruere
1007 2494 1109 2554 tradit.

91 2582 179 2641 Hunc
193 2581 319 2642 Cornuti
337 2581 469 2640 codicem
482 2579 628 2656 Upsalam
648 2581 783 2640 delatum
802 2598 868 2641 esse
887 2600 923 2639 ex
942 2581 985 2640 eis
1013 2584 1111 2658 suspi-

93 2672 178 2729 catus
201 2689 296 2746 eram,
324 2688 400 2746 quae
423 2671 460 2728 A.
483 2669 696 2728 Westermann
704 2661 729 2749 1)
757 2670 844 2729 docet
873 2669 910 2728 de
933 2670 1111 2746 Palaephati

92 2757 192 2817 codice
213 2758 362 2836 Ravian03
393 2759 445 2817 sed
468 2777 536 2834 spes
560 2776 607 2817 me
629 2757 752 2816 fefellit:
775 2777 872 2833 neque
894 2759 927 2816 in
949 2757 1110 2833 Upsalensi

91 2864 189 2920 neque
211 2846 244 2903 in
266 2845 516 2907 Stockholmiensi
538 2846 722 2906 bibliotheca
737 2847 823 2904 illum
837 2846 990 2906 adservari
1004 2847 1109 2908 biblio·

92 2935 244 2994 thecarius
267 2933 443 3010 Upsalensis
466 2936 578 2996 litteris
601 2935 640 2994 ad
663 2953 711 2993 me
735 2934 813 2995 datis
836 2937 976 2994 testatur.

180 3023 221 3083 II.
246 3022 368 3082 Codices
400 3024 518 3100 generis
550 3025 576 3083 b.
624 3022 733 3083 Varias
762 3042 862 3098 opusc.
891 3024 1109 3102 inscriptiones,

92 3130 167 3187 quas
185 3112 218 3170 hi
236 3112 319 3171 codd.
333 3112 493 3187 praebent,
516 3112 584 3172 vide
598 3133 627 3189 p.
644 3115 671 3172 1.
709 3112 841 3187 Excepto
861 3112 924 3171 cod.
946 3117 985 3171 11
1007 3131 1109 3173 omnes

40 3201 46 3221 λ
92 3200 181 3260 huius
196 3200 315 3278 generis
330 3200 392 3262 cod.
406 3220 434 3276 p.
452 3203 513 3275 1,1
538 3203 607 3276 post
631 3189 654 3260 d
677 3198 798 3259 παιδίον
821 3201 959 3260 inserunt
980 3195 1110 3281 γεοίργιε.

183 3293 210 3350 7.
233 3289 269 3348 N
280 3314 321 3338 =
337 3289 502 3348 Vaticanus
523 3290 618 3366 1385,
639 3289 720 3350 XIV.
740 3290 852 3348 saeculi
869 3289 1015 3366 ineuntis,
1038 3291 1111 3366 quin

93 3417 305 3427 -η

165 3477 191 3542 1)
209 3475 228 3528 1.
246 3476 265 3530 1.
285 3494 311 3544 p.
330 3475 403 3529 mu
