<?xml version="1.0" encoding="UTF-8"?>
<!DOCTYPE html PUBLIC "-//W3C//DTD XHTML 1.0 Transitional//EN"
    "http://www.w3.org/TR/xhtml1/DTD/xhtml1-transitional.dtd">
<html xmlns="http://www.w3.org/1999/xhtml" xml:lang="en" lang="en">
 <head>
  <title>
</title>
<meta http-equiv="Content-Type" content="text/html;charset=utf-8" />
  <meta name='ocr-system' content='tesseract 3.04.00' />
  <meta name='ocr-capabilities' content='ocr_page ocr_carea ocr_par ocr_line ocrx_word'/>
</head>
<body>
  <div class='ocr_page' id='page_1' title='image "./cornvtitheologi00corngoog/cornvtitheologi00corngoog_0052.png"; bbox 0 0 2490 3848; ppageno 0'>
   <div class='ocr_carea' id='block_1_1' title="bbox 501 229 1105 294">
    <p class='ocr_par' dir='ltr' id='par_1_1' title="bbox 501 229 1105 294">
     <span class='ocr_line' id='line_1_1' title="bbox 501 229 1105 294; baseline 0 -11"><span class='ocrx_word' id='word_1_1' title='bbox 501 232 700 285; x_wconf 82' lang='grc' dir='ltr'><strong>ΕΙΙΙΔΡΟΜΗ.</strong></span> <span class='ocrx_word' id='word_1_2' title='bbox 1063 229 1105 294; x_wconf 77' lang='grc'><em>27</em></span> 
     </span>
    </p>
   </div>
   <div class='ocr_carea' id='block_1_2' title="bbox 90 362 1107 776">
    <p class='ocr_par' dir='ltr' id='par_1_2' title="bbox 90 362 1107 776">
     <span class='ocr_line' id='line_1_2' title="bbox 90 362 1106 461; baseline -0.002 -20"><span class='ocrx_word' id='word_1_3' title='bbox 90 373 154 461; x_wconf 76' lang='grc' dir='ltr'><em>τὴν</em></span> <span class='ocrx_word' id='word_1_4' title='bbox 176 372 362 458; x_wconf 80' lang='grc' dir='ltr'><em>θάλατταν,</em></span> <span class='ocrx_word' id='word_1_5' title='bbox 391 369 451 459; x_wconf 84' lang='grc' dir='ltr'><em>ὑφ’</em></span> <span class='ocrx_word' id='word_1_6' title='bbox 477 362 527 439; x_wconf 74' lang='grc' dir='ltr'><em>ὧν</em></span> <span class='ocrx_word' id='word_1_7' title='bbox 553 377 692 440; x_wconf 81' lang='grc' dir='ltr'><strong><em>τείνεται</em></strong></span> <span class='ocrx_word' id='word_1_8' title='bbox 719 373 808 442; x_wconf 79' lang='grc' dir='ltr'><em>κάτω</em></span> <span class='ocrx_word' id='word_1_9' title='bbox 836 371 853 441; x_wconf 88' lang='grc' dir='ltr'>ὁ</span> <span class='ocrx_word' id='word_1_10' title='bbox 881 370 944 460; x_wconf 84' lang='grc' dir='ltr'><em>τἰὴρ</em></span> <span class='ocrx_word' id='word_1_11' title='bbox 973 372 1106 460; x_wconf 80' lang='grc' dir='ltr'><em>μηδετέ-</em></span> 
     </span>
     <span class='ocr_line' id='line_1_3' title="bbox 92 476 1107 565; baseline -0.002 -18"><span class='ocrx_word' id='word_1_12' title='bbox 92 488 205 565; x_wconf 89' lang='grc' dir='ltr'><em>ρωθεν</em></span> <span class='ocrx_word' id='word_1_13' title='bbox 234 476 496 564; x_wconf 74' lang='grc' dir='ltr'><em>ἀποσπασθῆναι</em></span> <span class='ocrx_word' id='word_1_14' title='bbox 526 477 722 565; x_wconf 79' lang='grc' dir='ltr'><em>δυνάμενος.</em></span> <span class='ocrx_word' id='word_1_15' title='bbox 775 479 889 565; x_wconf 78' lang='grc' dir='ltr'><em>ἑτέρου</em></span> <span class='ocrx_word' id='word_1_16' title='bbox 908 477 959 545; x_wconf 69' lang='grc' dir='ltr'><em>δὲ</em></span> <span class='ocrx_word' id='word_1_17' title='bbox 990 476 1107 563; x_wconf 87' lang='grc' dir='ltr'><em>μόθου</em></span> 
     </span>
     <span class='ocr_line' id='line_1_4' title="bbox 91 580 1106 671; baseline -0.002 -18"><span class='ocrx_word' id='word_1_18' title='bbox 91 587 251 671; x_wconf 75' lang='grc' dir='ltr'><em>μέμνηται</em></span> <span class='ocrx_word' id='word_1_19' title='bbox 275 589 335 653; x_wconf 85' lang='grc' dir='ltr'><em>τοῦ</em></span> <span class='ocrx_word' id='word_1_20' title='bbox 357 583 440 652; x_wconf 81' lang='grc' dir='ltr'><em>κατὰ</em></span> <span class='ocrx_word' id='word_1_21' title='bbox 458 583 522 670; x_wconf 86' lang='grc' dir='ltr'><em>την</em></span> <span class='ocrx_word' id='word_1_22' title='bbox 541 584 654 669; x_wconf 79' lang='grc' dir='ltr'><em>Θέτιν,</em></span> <span class='ocrx_word' id='word_1_23' title='bbox 678 582 723 664; x_wconf 83' lang='grc' dir='ltr'><em>ως</em></span> <span class='ocrx_word' id='word_1_24' title='bbox 745 580 801 651; x_wconf 77' lang='grc' dir='ltr'><em>ὑπ’</em></span> <span class='ocrx_word' id='word_1_25' title='bbox 823 583 925 669; x_wconf 82' lang='grc' dir='ltr'><em>αὐτῆς</em></span> <span class='ocrx_word' id='word_1_26' title='bbox 943 584 1106 670; x_wconf 86' lang='grc' dir='ltr'><em>σεσωσμέ·</em></span> 
     </span>
     <span class='ocr_line' id='line_1_5' title="bbox 90 690 363 776; baseline 0 -17"><span class='ocrx_word' id='word_1_27' title='bbox 90 718 155 760; x_wconf 93' lang='grc' dir='ltr'><em>νου</em></span> <span class='ocrx_word' id='word_1_28' title='bbox 177 697 239 761; x_wconf 81' lang='grc' dir='ltr'><em>τοῦ</em></span> <span class='ocrx_word' id='word_1_29' title='bbox 263 690 363 776; x_wconf 83' lang='grc' dir='ltr'><em>Διὸς,</em></span> 
     </span>
    </p>
   </div>
   <div class='ocr_carea' id='block_1_3' title="bbox 172 811 1133 1007">
    <p class='ocr_par' dir='ltr' id='par_1_3' title="bbox 172 811 1133 1007">
     <span class='ocr_line' id='line_1_6' title="bbox 181 811 1133 901; baseline -0.001 -18"><span class='ocrx_word' id='word_1_30' title='bbox 181 813 307 884; x_wconf 81' lang='grc' dir='ltr'><em>ὅπποτέ</em></span> <span class='ocrx_word' id='word_1_31' title='bbox 326 842 385 901; x_wconf 93' lang='grc' dir='ltr'><em>μιν</em></span> <span class='ocrx_word' id='word_1_32' title='bbox 410 818 572 900; x_wconf 74' lang='grc' dir='ltr'><em>ξυνδῆσαι</em></span> <span class='ocrx_word' id='word_1_33' title='bbox 591 811 762 898; x_wconf 79' lang='grc' dir='ltr'><em>Ὀλύμπιοι</em></span> <span class='ocrx_word' id='word_1_34' title='bbox 785 812 913 898; x_wconf 80' lang='grc' dir='ltr'><em>ἤθελον</em></span> <span class='ocrx_word' id='word_1_35' title='bbox 936 811 1047 899; x_wconf 71' lang='grc' dir='ltr'><em>ἄλλοι,</em></span> <span class='ocrx_word' id='word_1_36' title='bbox 1119 841 1133 882; x_wconf 80' lang='lat'>⁵</span> 
     </span>
     <span class='ocr_line' id='line_1_7' title="bbox 172 916 1008 1007; baseline -0.002 -18"><span class='ocrx_word' id='word_1_37' title='bbox 172 920 258 1007; x_wconf 89' lang='grc' dir='ltr'><em>Ἥρη</em></span> <span class='ocrx_word' id='word_1_38' title='bbox 277 918 306 988; x_wconf 87' lang='grc' dir='ltr'><em>τ’</em></span> <span class='ocrx_word' id='word_1_39' title='bbox 331 919 393 1006; x_wconf 71' lang='grc' dir='ltr'><em>ἠδὲ</em></span> <span class='ocrx_word' id='word_1_40' title='bbox 416 918 616 988; x_wconf 79' lang='grc' dir='ltr'><em>Ποσειδάων</em></span> <span class='ocrx_word' id='word_1_41' title='bbox 638 920 694 985; x_wconf 82' lang='grc' dir='ltr'><em>καὶ</em></span> <span class='ocrx_word' id='word_1_42' title='bbox 717 916 854 998; x_wconf 83' lang='grc' dir='ltr'><em>Παλλὰς</em></span> <span class='ocrx_word' id='word_1_43' title='bbox 873 917 1008 1006; x_wconf 80' lang='grc' dir='ltr'><em>Ἀθήνη.</em></span> 
     </span>
    </p>
   </div>
   <div class='ocr_carea' id='block_1_4' title="bbox 89 1038 1145 2296">
    <p class='ocr_par' dir='ltr' id='par_1_4' title="bbox 89 1038 1145 2296">
     <span class='ocr_line' id='line_1_8' title="bbox 90 1038 1105 1130; baseline -0.002 -18"><span class='ocrx_word' id='word_1_44' title='bbox 90 1051 244 1130; x_wconf 88' lang='grc' dir='ltr'><em>φαίνεται</em></span> <span class='ocrx_word' id='word_1_45' title='bbox 269 1041 300 1111; x_wconf 91' lang='grc' dir='ltr'><em>δ’</em></span> <span class='ocrx_word' id='word_1_46' title='bbox 327 1038 378 1112; x_wconf 81' lang='grc' dir='ltr'><em>ὅτι</em></span> <span class='ocrx_word' id='word_1_47' title='bbox 401 1041 473 1112; x_wconf 89' lang='grc' dir='ltr'><em>κατ’</em></span> <span class='ocrx_word' id='word_1_48' title='bbox 499 1047 590 1111; x_wconf 89' lang='grc' dir='ltr'><em>ίδίαν</em></span> <span class='ocrx_word' id='word_1_49' title='bbox 615 1045 750 1122; x_wconf 80' lang='grc' dir='ltr'><em>ἕκαστος</em></span> <span class='ocrx_word' id='word_1_50' title='bbox 772 1042 902 1111; x_wconf 90' lang='grc' dir='ltr'><em>τούτων</em></span> <span class='ocrx_word' id='word_1_51' title='bbox 924 1047 993 1111; x_wconf 80' lang='grc' dir='ltr'><em>τῶν</em></span> <span class='ocrx_word' id='word_1_52' title='bbox 1012 1046 1105 1111; x_wconf 79' lang='grc' dir='ltr'><em>θεῶν</em></span> 
     </span>
     <span class='ocr_line' id='line_1_9' title="bbox 92 1149 1106 1241; baseline -0.001 -23"><span class='ocrx_word' id='word_1_53' title='bbox 92 1149 289 1235; x_wconf 81' lang='grc' dir='ltr'><em>ἐπεβούλευε</em></span> <span class='ocrx_word' id='word_1_54' title='bbox 311 1154 355 1241; x_wconf 77' lang='grc' dir='ltr'><em>τῷ</em></span> <span class='ocrx_word' id='word_1_55' title='bbox 377 1155 439 1218; x_wconf 84' lang='grc' dir='ltr'><em>Λιλ</em></span> <span class='ocrx_word' id='word_1_56' title='bbox 455 1154 604 1238; x_wconf 80' lang='grc' dir='ltr'><em>συνεχῶς</em></span> <span class='ocrx_word' id='word_1_57' title='bbox 622 1151 752 1237; x_wconf 81' lang='grc' dir='ltr'><em>μέλλων</em></span> <span class='ocrx_word' id='word_1_58' title='bbox 771 1153 958 1236; x_wconf 66' lang='grc' dir='ltr'><em>έμποδιξειν</em></span> <span class='ocrx_word' id='word_1_59' title='bbox 980 1149 1106 1235; x_wconf 85' lang='grc' dir='ltr'><em>ταύτην</em></span> 
     </span>
     <span class='ocr_line' id='line_1_10' title="bbox 90 1253 1106 1343; baseline -0.002 -19"><span class='ocrx_word' id='word_1_60' title='bbox 90 1256 154 1342; x_wconf 80' lang='grc' dir='ltr'><em>τὴν</em></span> <span class='ocrx_word' id='word_1_61' title='bbox 177 1256 412 1343; x_wconf 88' lang='grc' dir='ltr'><em>διακόσμησιν,</em></span> <span class='ocrx_word' id='word_1_62' title='bbox 442 1253 522 1340; x_wconf 81' lang='grc' dir='ltr'><em>ὅπερ</em></span> <span class='ocrx_word' id='word_1_63' title='bbox 546 1259 690 1343; x_wconf 82' lang='grc' dir='ltr'><em>ἐγένετο,</em></span> <span class='ocrx_word' id='word_1_64' title='bbox 718 1261 750 1325; x_wconf 89' lang='grc' dir='ltr'><em>εί</em></span> <span class='ocrx_word' id='word_1_65' title='bbox 775 1255 812 1324; x_wconf 85' lang='grc' dir='ltr'><em>τὸ</em></span> <span class='ocrx_word' id='word_1_66' title='bbox 841 1253 949 1341; x_wconf 84' lang='grc' dir='ltr'><em>ὑγρὸν</em></span> <span class='ocrx_word' id='word_1_67' title='bbox 972 1255 1106 1343; x_wconf 79' lang='grc' dir='ltr'><em>ἐπεκρό-</em></span> 
     </span>
     <span class='ocr_line' id='line_1_11' title="bbox 89 1359 1145 1450; baseline -0.004 -20"><span class='ocrx_word' id='word_1_68' title='bbox 89 1381 168 1447; x_wconf 92' lang='grc' dir='ltr'><em>τησε</em></span> <span class='ocrx_word' id='word_1_69' title='bbox 190 1363 246 1429; x_wconf 84' lang='grc' dir='ltr'><em>καὶ</em></span> <span class='ocrx_word' id='word_1_70' title='bbox 270 1362 463 1449; x_wconf 80' lang='grc' dir='ltr'><em>έξυδατεόθη</em></span> <span class='ocrx_word' id='word_1_71' title='bbox 491 1362 599 1430; x_wconf 80' lang='grc' dir='ltr'><em>πάντα</em></span> <span class='ocrx_word' id='word_1_72' title='bbox 625 1359 646 1449; x_wconf 79' lang='grc' dir='ltr'>ἢ</span> <span class='ocrx_word' id='word_1_73' title='bbox 670 1362 708 1431; x_wconf 88' lang='grc' dir='ltr'><em>τὸ</em></span> <span class='ocrx_word' id='word_1_74' title='bbox 735 1367 802 1450; x_wconf 83' lang='grc' dir='ltr'><em>πῦρ</em></span> <span class='ocrx_word' id='word_1_75' title='bbox 825 1363 881 1430; x_wconf 78' lang='grc' dir='ltr'><em>καί</em></span> <span class='ocrx_word' id='word_1_76' title='bbox 908 1361 1103 1447; x_wconf 85' lang='grc' dir='ltr'><em>έξεπυρτόθη</em></span> <span class='ocrx_word' id='word_1_77' title='bbox 1119 1388 1145 1427; x_wconf 89' lang='lat'><em>10</em></span> 
     </span>
     <span class='ocr_line' id='line_1_12' title="bbox 89 1465 1107 1557; baseline -0.002 -21"><span class='ocrx_word' id='word_1_78' title='bbox 89 1475 109 1551; x_wconf 89' lang='grc' dir='ltr'>ἢ</span> <span class='ocrx_word' id='word_1_79' title='bbox 138 1466 156 1536; x_wconf 87' lang='grc' dir='ltr'>ὁ</span> <span class='ocrx_word' id='word_1_80' title='bbox 185 1466 259 1555; x_wconf 83' lang='grc' dir='ltr'><em>όήρ.</em></span> <span class='ocrx_word' id='word_1_81' title='bbox 304 1465 326 1554; x_wconf 77' lang='grc' dir='ltr'><em>ἡ</em></span> <span class='ocrx_word' id='word_1_82' title='bbox 355 1467 392 1535; x_wconf 74' lang='grc' dir='ltr'><em>δὲ</em></span> <span class='ocrx_word' id='word_1_83' title='bbox 420 1467 504 1535; x_wconf 78' lang='grc' dir='ltr'><em>κατὰ</em></span> <span class='ocrx_word' id='word_1_84' title='bbox 532 1468 659 1557; x_wconf 90' lang='grc' dir='ltr'><em>τρόπον</em></span> <span class='ocrx_word' id='word_1_85' title='bbox 690 1472 847 1536; x_wconf 86' lang='grc' dir='ltr'><em>διαθεῖσα</em></span> <span class='ocrx_word' id='word_1_86' title='bbox 876 1466 984 1535; x_wconf 78' lang='grc' dir='ltr'><em>πάντα</em></span> <span class='ocrx_word' id='word_1_87' title='bbox 1012 1468 1107 1546; x_wconf 76' lang='grc' dir='ltr'><em>Θέτις</em></span> 
     </span>
     <span class='ocr_line' id='line_1_13' title="bbox 89 1572 1106 1661; baseline 0.001 -21"><span class='ocrx_word' id='word_1_88' title='bbox 89 1573 149 1641; x_wconf 86' lang='grc' dir='ltr'><em>τὸν</em></span> <span class='ocrx_word' id='word_1_89' title='bbox 180 1573 393 1661; x_wconf 78' lang='grc' dir='ltr'><em>ἑκατόγχειρα</em></span> <span class='ocrx_word' id='word_1_90' title='bbox 422 1573 597 1661; x_wconf 79' lang='grc' dir='ltr'><em>Βριάρεων</em></span> <span class='ocrx_word' id='word_1_91' title='bbox 630 1572 786 1655; x_wconf 77' lang='grc' dir='ltr'><em>ἀντέταξε</em></span> <span class='ocrx_word' id='word_1_92' title='bbox 817 1587 887 1653; x_wconf 88' lang='grc' dir='ltr'><em>τοῖς</em></span> <span class='ocrx_word' id='word_1_93' title='bbox 918 1575 1106 1661; x_wconf 83' lang='grc' dir='ltr'><em>εἰρημένοις</em></span> 
     </span>
     <span class='ocr_line' id='line_1_14' title="bbox 89 1677 1106 1767; baseline -0.003 -19"><span class='ocrx_word' id='word_1_94' title='bbox 89 1689 199 1766; x_wconf 91' lang='grc' dir='ltr'><em>θεοῖς,</em></span> <span class='ocrx_word' id='word_1_95' title='bbox 222 1679 301 1748; x_wconf 87' lang='grc' dir='ltr'><em>καθ’</em></span> <span class='ocrx_word' id='word_1_96' title='bbox 324 1677 365 1748; x_wconf 83' lang='grc' dir='ltr'><em>ὃν</em></span> <span class='ocrx_word' id='word_1_97' title='bbox 389 1688 469 1761; x_wconf 78' lang='grc' dir='ltr'><em>ἴσως</em></span> <span class='ocrx_word' id='word_1_98' title='bbox 492 1682 708 1767; x_wconf 74' lang='grc' dir='ltr'><em>διανέμονται</em></span> <span class='ocrx_word' id='word_1_99' title='bbox 729 1678 916 1766; x_wconf 83' lang='grc' dir='ltr'><em>πανταχόσε</em></span> <span class='ocrx_word' id='word_1_100' title='bbox 940 1683 978 1746; x_wconf 87' lang='grc' dir='ltr'><em>αί</em></span> <span class='ocrx_word' id='word_1_101' title='bbox 995 1680 1030 1746; x_wconf 87' lang='grc' dir='ltr'><em>έκ</em></span> <span class='ocrx_word' id='word_1_102' title='bbox 1047 1681 1106 1764; x_wconf 79' lang='grc' dir='ltr'><em>της</em></span> 
     </span>
     <span class='ocr_line' id='line_1_15' title="bbox 90 1783 1106 1875; baseline -0.003 -20"><span class='ocrx_word' id='word_1_103' title='bbox 90 1789 155 1874; x_wconf 75' lang='grc' dir='ltr'><em>γῆς’</em></span> <span class='ocrx_word' id='word_1_104' title='bbox 173 1785 433 1874; x_wconf 80' lang='grc' dir='ltr'><em>ἀναθυμιάσεις,</em></span> <span class='ocrx_word' id='word_1_105' title='bbox 457 1785 501 1867; x_wconf 78' lang='grc' dir='ltr'><em>ὡς</em></span> <span class='ocrx_word' id='word_1_106' title='bbox 520 1785 575 1854; x_wconf 85' lang='grc' dir='ltr'><em>διίι</em></span> <span class='ocrx_word' id='word_1_107' title='bbox 594 1791 729 1855; x_wconf 79' lang='grc' dir='ltr'><em>πολλῶν</em></span> <span class='ocrx_word' id='word_1_108' title='bbox 746 1791 868 1875; x_wconf 82' lang='grc' dir='ltr'><em>χειρῶν</em></span> <span class='ocrx_word' id='word_1_109' title='bbox 885 1791 944 1874; x_wconf 78' lang='grc' dir='ltr'><em>τῆς</em></span> <span class='ocrx_word' id='word_1_110' title='bbox 956 1790 1005 1864; x_wconf 91' lang='grc' dir='ltr'><em>είς</em></span> <span class='ocrx_word' id='word_1_111' title='bbox 1022 1783 1106 1852; x_wconf 89' lang='grc' dir='ltr'><em>ποίν-</em></span> 
     </span>
     <span class='ocr_line' id='line_1_16' title="bbox 89 1889 1144 1980; baseline -0.004 -20"><span class='ocrx_word' id='word_1_112' title='bbox 89 1920 148 1972; x_wconf 91' lang='grc' dir='ltr'><em>τας</em></span> <span class='ocrx_word' id='word_1_113' title='bbox 171 1890 250 1972; x_wconf 82' lang='grc' dir='ltr'><em>τοὺς</em></span> <span class='ocrx_word' id='word_1_114' title='bbox 273 1889 439 1978; x_wconf 78' lang='grc' dir='ltr'><em>ἀριθμοὺς</em></span> <span class='ocrx_word' id='word_1_115' title='bbox 458 1894 651 1976; x_wconf 73' lang='grc' dir='ltr'><em>διαιρέσεως</em></span> <span class='ocrx_word' id='word_1_116' title='bbox 668 1894 860 1980; x_wconf 79' lang='grc' dir='ltr'><em>γινομένης·</em></span> <span class='ocrx_word' id='word_1_117' title='bbox 884 1893 1003 1972; x_wconf 81' lang='grc' dir='ltr'><em>σκέψαι</em></span> <span class='ocrx_word' id='word_1_118' title='bbox 1026 1889 1058 1959; x_wconf 88' lang='grc' dir='ltr'><em>δ’</em></span> <span class='ocrx_word' id='word_1_119' title='bbox 1075 1895 1106 1958; x_wconf 90' lang='grc' dir='ltr'><em>εί</em></span> <span class='ocrx_word' id='word_1_120' title='bbox 1120 1914 1144 1956; x_wconf 79' lang='grc' dir='ltr'><em>ιτ</em></span> 
     </span>
     <span class='ocr_line' id='line_1_17' title="bbox 89 1993 1106 2087; baseline -0.001 -21"><span class='ocrx_word' id='word_1_121' title='bbox 89 1997 180 2087; x_wconf 79' lang='grc' dir='ltr'><em>παρὰ</em></span> <span class='ocrx_word' id='word_1_122' title='bbox 203 1995 241 2066; x_wconf 87' lang='grc' dir='ltr'><em>τὸ</em></span> <span class='ocrx_word' id='word_1_123' title='bbox 265 2006 373 2083; x_wconf 89' lang='grc' dir='ltr'><em>αῖρειν</em></span> <span class='ocrx_word' id='word_1_124' title='bbox 394 1995 455 2084; x_wconf 78' lang='grc' dir='ltr'><em>τὴν</em></span> <span class='ocrx_word' id='word_1_125' title='bbox 478 1993 572 2064; x_wconf 75' lang='grc' dir='ltr'><em>δσίιν</em></span> <span class='ocrx_word' id='word_1_126' title='bbox 595 1995 701 2083; x_wconf 78' lang='grc' dir='ltr'><em>βορὰν</em></span> <span class='ocrx_word' id='word_1_127' title='bbox 725 2000 793 2065; x_wconf 83' lang='grc' dir='ltr'><em>τῶν</em></span> <span class='ocrx_word' id='word_1_128' title='bbox 816 2002 876 2066; x_wconf 81' lang='grc' dir='ltr'><em>τοῦ</em></span> <span class='ocrx_word' id='word_1_129' title='bbox 899 1998 1029 2085; x_wconf 79' lang='grc' dir='ltr'><em>κόσμον</em></span> <span class='ocrx_word' id='word_1_130' title='bbox 1051 2024 1106 2084; x_wconf 90' lang='grc' dir='ltr'><em>με-</em></span> 
     </span>
     <span class='ocr_line' id='line_1_18' title="bbox 90 2101 1103 2192; baseline 0 -19"><span class='ocrx_word' id='word_1_131' title='bbox 90 2109 160 2190; x_wconf 78' lang='grc' dir='ltr'><em>ρῶν</em></span> <span class='ocrx_word' id='word_1_132' title='bbox 184 2102 377 2191; x_wconf 76' lang='grc' dir='ltr'><em>ὠνόμασται</em></span> <span class='ocrx_word' id='word_1_133' title='bbox 393 2101 571 2188; x_wconf 80' lang='grc' dir='ltr'><em>Βριάρεως.</em></span> <span class='ocrx_word' id='word_1_134' title='bbox 614 2107 779 2188; x_wconf 77' lang='grc' dir='ltr'><em>[Αἰγαίων</em></span> <span class='ocrx_word' id='word_1_135' title='bbox 797 2103 859 2189; x_wconf 74' lang='grc' dir='ltr'><em>μὲν</em></span> <span class='ocrx_word' id='word_1_136' title='bbox 882 2102 947 2192; x_wconf 76' lang='grc' dir='ltr'><em>γάρ</em></span> <span class='ocrx_word' id='word_1_137' title='bbox 971 2106 1062 2172; x_wconf 83' lang='grc' dir='ltr'><em>ἐστιν</em></span> <span class='ocrx_word' id='word_1_138' title='bbox 1086 2102 1103 2174; x_wconf 86' lang='grc' dir='ltr'>ὁ</span> 
     </span>
     <span class='ocr_line' id='line_1_19' title="bbox 89 2207 542 2296; baseline -0.009 -17"><span class='ocrx_word' id='word_1_139' title='bbox 89 2209 140 2279; x_wconf 79' lang='grc' dir='ltr'><em>ιἰελ</em></span> <span class='ocrx_word' id='word_1_140' title='bbox 163 2207 314 2296; x_wconf 76' lang='grc' dir='ltr'><em>τεθηλώς</em></span> <span class='ocrx_word' id='word_1_141' title='bbox 335 2209 391 2276; x_wconf 81' lang='grc' dir='ltr'><em>καὶ</em></span> <span class='ocrx_word' id='word_1_142' title='bbox 413 2213 542 2294; x_wconf 88' lang='grc' dir='ltr'><em>γαίων]</em></span> 
     </span>
    </p>
   </div>
   <div class='ocr_carea' id='block_1_5' title="bbox 88 2328 1144 2632">
    <p class='ocr_par' dir='ltr' id='par_1_5' title="bbox 88 2328 1144 2632">
     <span class='ocr_line' id='line_1_20' title="bbox 158 2328 1104 2422; baseline 0.001 -21"><span class='ocrx_word' id='word_1_143' title='bbox 158 2343 224 2402; x_wconf 84' lang='grc' dir='ltr'><em>Δεῖ</em></span> <span class='ocrx_word' id='word_1_144' title='bbox 245 2333 282 2400; x_wconf 72' lang='grc' dir='ltr'><em>δὲ</em></span> <span class='ocrx_word' id='word_1_145' title='bbox 301 2330 345 2419; x_wconf 83' lang='grc' dir='ltr'><em>μὴ</em></span> <span class='ocrx_word' id='word_1_146' title='bbox 365 2346 503 2419; x_wconf 82' lang='grc' dir='ltr'><em>συγχεῖν</em></span> <span class='ocrx_word' id='word_1_147' title='bbox 521 2330 600 2412; x_wconf 80' lang='grc' dir='ltr'><em>τοὺς</em></span> <span class='ocrx_word' id='word_1_148' title='bbox 618 2331 753 2419; x_wconf 88' lang='grc' dir='ltr'><em>μόθους</em></span> <span class='ocrx_word' id='word_1_149' title='bbox 774 2328 852 2418; x_wconf 87' lang='grc' dir='ltr'><em>μηδ’</em></span> <span class='ocrx_word' id='word_1_150' title='bbox 874 2335 907 2414; x_wconf 80' lang='grc' dir='ltr'><em>ἐξ</em></span> <span class='ocrx_word' id='word_1_151' title='bbox 931 2335 1046 2422; x_wconf 80' lang='grc' dir='ltr'><em>ἑτέρον</em></span> <span class='ocrx_word' id='word_1_152' title='bbox 1064 2334 1104 2402; x_wconf 79' lang='grc' dir='ltr'><em>τὰ</em></span> 
     </span>
     <span class='ocr_line' id='line_1_21' title="bbox 88 2433 1144 2526; baseline -0.004 -19"><span class='ocrx_word' id='word_1_153' title='bbox 88 2438 238 2526; x_wconf 87' lang='grc' dir='ltr'><em>ὀνόματα</em></span> <span class='ocrx_word' id='word_1_154' title='bbox 262 2436 315 2525; x_wconf 82' lang='grc' dir='ltr'><em>ἐφ’</em></span> <span class='ocrx_word' id='word_1_155' title='bbox 341 2440 455 2525; x_wconf 79' lang='grc' dir='ltr'><em>ἕτερον</em></span> <span class='ocrx_word' id='word_1_156' title='bbox 478 2439 675 2525; x_wconf 83' lang='grc' dir='ltr'><em>μεταφέρειν</em></span> <span class='ocrx_word' id='word_1_157' title='bbox 704 2433 783 2524; x_wconf 89' lang='grc' dir='ltr'><em>μηδ’</em></span> <span class='ocrx_word' id='word_1_158' title='bbox 809 2446 843 2505; x_wconf 87' lang='grc' dir='ltr'><em>εί</em></span> <span class='ocrx_word' id='word_1_159' title='bbox 864 2465 895 2506; x_wconf 93' lang='grc' dir='ltr'><em>τι</em></span> <span class='ocrx_word' id='word_1_160' title='bbox 918 2439 1104 2525; x_wconf 81' lang='grc' dir='ltr'><em>προσεπλιί-</em></span> <span class='ocrx_word' id='word_1_161' title='bbox 1118 2463 1144 2503; x_wconf 84' lang='grc' dir='ltr'><em>το</em></span> 
     </span>
     <span class='ocr_line' id='line_1_22' title="bbox 89 2541 1106 2632; baseline 0 -20"><span class='ocrx_word' id='word_1_162' title='bbox 89 2553 157 2630; x_wconf 91' lang='grc' dir='ltr'><em>σθη</em></span> <span class='ocrx_word' id='word_1_163' title='bbox 194 2559 266 2624; x_wconf 90' lang='grc' dir='ltr'><em>ταῖς</em></span> <span class='ocrx_word' id='word_1_164' title='bbox 301 2545 588 2629; x_wconf 87' lang='grc' dir='ltr'><em>παραδεδομέναις</em></span> <span class='ocrx_word' id='word_1_165' title='bbox 623 2541 694 2612; x_wconf 91' lang='grc' dir='ltr'><em>κατ’</em></span> <span class='ocrx_word' id='word_1_166' title='bbox 724 2541 847 2624; x_wconf 79' lang='grc' dir='ltr'><em>αὐτοὺς</em></span> <span class='ocrx_word' id='word_1_167' title='bbox 877 2551 1106 2632; x_wconf 83' lang='grc' dir='ltr'><em>γενεαλογίαις</em></span> 
     </span>
    </p>
   </div>
   <div class='ocr_carea' id='block_1_6' title="bbox 89 2749 1106 3530">
    <p class='ocr_par' dir='ltr' id='par_1_6' title="bbox 89 2749 1106 3530">
     <span class='ocr_line' id='line_1_23' title="bbox 163 2749 1104 2828; baseline 0.004 -20"><span class='ocrx_word' id='word_1_168' title='bbox 163 2760 186 2808; x_wconf 90' lang='lat'><em>1.</em></span> <span class='ocrx_word' id='word_1_169' title='bbox 206 2759 231 2807; x_wconf 79' lang='lat'><em>2.</em></span> <span class='ocrx_word' id='word_1_170' title='bbox 255 2750 322 2823; x_wconf 83' lang='grc' dir='ltr'><em>μηδ’</em></span> <span class='ocrx_word' id='word_1_171' title='bbox 343 2749 485 2823; x_wconf 72' lang='grc' dir='ltr'><em>ἑτέρωθεν</em></span> <span class='ocrx_word' id='word_1_172' title='bbox 503 2757 542 2811; x_wconf 83' lang='lat' dir='ltr'><em>ab</em></span> <span class='ocrx_word' id='word_1_173' title='bbox 567 2787 598 2796; x_wconf 93' lang='lat'><em>-</em></span> <span class='ocrx_word' id='word_1_174' title='bbox 624 2762 648 2811; x_wconf 87' lang='grc'><em>3.</em></span> <span class='ocrx_word' id='word_1_175' title='bbox 674 2757 747 2828; x_wconf 77' lang='grc' dir='ltr'><em>[τοῦ]</em></span> <span class='ocrx_word' id='word_1_176' title='bbox 770 2776 796 2810; x_wconf 89' lang='grc' dir='ltr'><em>κ.</em></span> <span class='ocrx_word' id='word_1_177' title='bbox 814 2775 837 2812; x_wconf 90' lang='grc' dir='ltr'><em>τ.</em></span> <span class='ocrx_word' id='word_1_178' title='bbox 856 2759 888 2810; x_wconf 89' lang='grc' dir='ltr'><em>θ.</em></span> <span class='ocrx_word' id='word_1_179' title='bbox 907 2757 931 2812; x_wconf 89' lang='grc' dir='ltr'><em>α’</em></span> <span class='ocrx_word' id='word_1_180' title='bbox 956 2758 1007 2813; x_wconf 77' lang='grc' dir='ltr'><em>τοῦ</em></span> <span class='ocrx_word' id='word_1_181' title='bbox 1031 2754 1104 2812; x_wconf 72' lang='grc' dir='ltr'><em>κατὰ</em></span> 
     </span>
     <span class='ocr_line' id='line_1_24' title="bbox 89 2821 1106 2916; baseline 0.003 -37"><span class='ocrx_word' id='word_1_182' title='bbox 89 2824 139 2898; x_wconf 78' lang='grc' dir='ltr'><em>[τ]</em></span> <span class='ocrx_word' id='word_1_183' title='bbox 158 2827 189 2878; x_wconf 87' lang='grc' dir='ltr'><em>θ.</em></span> <span class='ocrx_word' id='word_1_184' title='bbox 205 2824 233 2876; x_wconf 89' lang='grc' dir='ltr'><strong><em>Β</em></strong></span> <span class='ocrx_word' id='word_1_185' title='bbox 247 2854 280 2864; x_wconf 91' lang='grc'><strong>-</strong></span> <span class='ocrx_word' id='word_1_186' title='bbox 300 2831 324 2879; x_wconf 81' lang='grc' dir='ltr'><em>ῖ.</em></span> <span class='ocrx_word' id='word_1_187' title='bbox 342 2821 450 2880; x_wconf 72' lang='grc' dir='ltr'><em>τούτων</em></span> <span class='ocrx_word' id='word_1_188' title='bbox 469 2824 584 2889; x_wconf 77' lang='grc' dir='ltr'><em>ἕκαστος</em></span> <span class='ocrx_word' id='word_1_189' title='bbox 601 2828 638 2882; x_wconf 79' lang='grc' dir='ltr'><em>θα</em></span> <span class='ocrx_word' id='word_1_190' title='bbox 657 2858 689 2868; x_wconf 96' lang='grc'><strong>-</strong></span> <span class='ocrx_word' id='word_1_191' title='bbox 705 2834 729 2882; x_wconf 84' lang='lat'><em>8.</em></span> <span class='ocrx_word' id='word_1_192' title='bbox 749 2825 856 2895; x_wconf 77' lang='grc' dir='ltr'><em>με’λλων</em></span> <span class='ocrx_word' id='word_1_193' title='bbox 874 2831 973 2884; x_wconf 77' lang='lat' dir='ltr'><strong>mutat.</strong></span> <span class='ocrx_word' id='word_1_194' title='bbox 992 2829 1022 2882; x_wconf 89' lang='lat' dir='ltr'><em>in</em></span> <span class='ocrx_word' id='word_1_195' title='bbox 1038 2827 1106 2916; x_wconf 71' lang='grc' dir='ltr'><em>μέλ·</em></span> 
     </span>
     <span class='ocr_line' id='line_1_25' title="bbox 90 2892 1105 2986; baseline 0.005 -37"><span class='ocrx_word' id='word_1_196' title='bbox 90 2899 186 2957; x_wconf 88' lang='grc' dir='ltr'><em>λοντες</em></span> <span class='ocrx_word' id='word_1_197' title='bbox 203 2895 238 2948; x_wconf 87' lang='grc' dir='ltr'><em>Ν</em></span> <span class='ocrx_word' id='word_1_198' title='bbox 252 2892 398 2964; x_wconf 82' lang='grc' dir='ltr'><em>μέλλοντες</em></span> <span class='ocrx_word' id='word_1_199' title='bbox 415 2896 444 2948; x_wconf 90' lang='grc' dir='ltr'><strong>Β</strong></span> <span class='ocrx_word' id='word_1_200' title='bbox 461 2897 565 2966; x_wconf 79' lang='grc' dir='ltr'><em>μᾶλλον</em></span> <span class='ocrx_word' id='word_1_201' title='bbox 585 2896 612 2951; x_wconf 73' lang='lat' dir='ltr'><strong><em>G</em></strong></span> <span class='ocrx_word' id='word_1_202' title='bbox 631 2927 664 2938; x_wconf 97' lang='grc'>-</span> <span class='ocrx_word' id='word_1_203' title='bbox 684 2903 708 2952; x_wconf 81' lang='grc'><em>9.</em></span> <span class='ocrx_word' id='word_1_204' title='bbox 728 2897 767 2970; x_wconf 84' lang='grc' dir='ltr'><em>εί]</em></span> <span class='ocrx_word' id='word_1_205' title='bbox 791 2895 819 2952; x_wconf 86' lang='grc' dir='ltr'><em>εί</em></span> <span class='ocrx_word' id='word_1_206' title='bbox 835 2893 873 2986; x_wconf 65' lang='grc' dir='ltr'><em>μη</em></span> <span class='ocrx_word' id='word_1_207' title='bbox 892 2899 902 2952; x_wconf 85' lang='lat' dir='ltr'><em>l</em></span> <span class='ocrx_word' id='word_1_208' title='bbox 920 2928 954 2938; x_wconf 97' lang='lat'>-</span> <span class='ocrx_word' id='word_1_209' title='bbox 976 2905 1015 2955; x_wconf 91' lang='grc'><em>10.</em></span> <span class='ocrx_word' id='word_1_210' title='bbox 1035 2918 1053 2968; x_wconf 94' lang='grc' dir='ltr'><em>η</em></span> <span class='ocrx_word' id='word_1_211' title='bbox 1072 2899 1105 2954; x_wconf 88' lang='grc' dir='ltr'><em>τὸ</em></span> 
     </span>
     <span class='ocr_line' id='line_1_26' title="bbox 89 2960 1104 3040; baseline 0.003 -20"><span class='ocrx_word' id='word_1_212' title='bbox 89 2965 158 3037; x_wconf 80' lang='grc' dir='ltr'><em>πῦρ]</em></span> <span class='ocrx_word' id='word_1_213' title='bbox 184 2964 233 3020; x_wconf 82' lang='grc' dir='ltr'><em>καί</em></span> <span class='ocrx_word' id='word_1_214' title='bbox 256 2962 287 3019; x_wconf 85' lang='grc' dir='ltr'><em>τὸ</em></span> <span class='ocrx_word' id='word_1_215' title='bbox 307 2984 336 3019; x_wconf 88' lang='grc' dir='ltr'><em>π.</em></span> <span class='ocrx_word' id='word_1_216' title='bbox 357 2966 384 3018; x_wconf 88' lang='grc' dir='ltr'><em>Ρ</em></span> <span class='ocrx_word' id='word_1_217' title='bbox 402 2996 433 3006; x_wconf 92' lang='grc'><strong>-</strong></span> <span class='ocrx_word' id='word_1_218' title='bbox 460 2973 501 3020; x_wconf 95' lang='grc'><em>11.</em></span> <span class='ocrx_word' id='word_1_219' title='bbox 526 2960 543 3035; x_wconf 76' lang='grc' dir='ltr'>ἢ</span> <span class='ocrx_word' id='word_1_220' title='bbox 567 2963 582 3022; x_wconf 86' lang='grc' dir='ltr'>ὁ</span> <span class='ocrx_word' id='word_1_221' title='bbox 606 2963 663 3035; x_wconf 76' lang='grc' dir='ltr'><em>ἀὴρ</em></span> <span class='ocrx_word' id='word_1_222' title='bbox 686 2968 820 3024; x_wconf 71' lang='grc' dir='ltr'><em>λ”ίίίοίεον</em></span> <span class='ocrx_word' id='word_1_223' title='bbox 844 2968 888 3040; x_wconf 92' lang='grc' dir='ltr'><em>[η]</em></span> <span class='ocrx_word' id='word_1_224' title='bbox 913 2964 1003 3037; x_wconf 81' lang='grc' dir='ltr'><em>ὁίιήρ</em></span> <span class='ocrx_word' id='word_1_225' title='bbox 1024 2969 1047 3023; x_wconf 89' lang='grc'><strong><em>0</em></strong></span> <span class='ocrx_word' id='word_1_226' title='bbox 1071 3000 1104 3012; x_wconf 91' lang='grc'>-</span> 
     </span>
     <span class='ocr_line' id='line_1_27' title="bbox 92 3031 1106 3126; baseline 0.004 -35"><span class='ocrx_word' id='word_1_227' title='bbox 92 3043 135 3092; x_wconf 93' lang='grc'><em>11.</em></span> <span class='ocrx_word' id='word_1_228' title='bbox 158 3035 240 3098; x_wconf 77' lang='grc' dir='ltr'><em>θέεις</em></span> <span class='ocrx_word' id='word_1_229' title='bbox 261 3031 325 3104; x_wconf 78' lang='grc' dir='ltr'><em>ἤτοι</em></span> <span class='ocrx_word' id='word_1_230' title='bbox 343 3033 468 3121; x_wconf 55' lang='grc' dir='ltr'><em>ρπρόνοια</em></span> <span class='ocrx_word' id='word_1_231' title='bbox 487 3037 523 3092; x_wconf 81' lang='lat' dir='ltr'><em>bc</em></span> <span class='ocrx_word' id='word_1_232' title='bbox 545 3067 579 3079; x_wconf 88' lang='lat'><em>-</em></span> <span class='ocrx_word' id='word_1_233' title='bbox 605 3044 646 3094; x_wconf 77' lang='lat'><em>12.</em></span> <span class='ocrx_word' id='word_1_234' title='bbox 667 3044 708 3094; x_wconf 88' lang='grc'><em>13.</em></span> <span class='ocrx_word' id='word_1_235' title='bbox 735 3045 794 3101; x_wconf 86' lang='grc' dir='ltr'><em>τοῖς</em></span> <span class='ocrx_word' id='word_1_236' title='bbox 822 3037 1005 3126; x_wconf 81' lang='grc' dir='ltr'><em>[είρημένοις]</em></span> <span class='ocrx_word' id='word_1_237' title='bbox 1024 3043 1106 3103; x_wconf 81' lang='grc' dir='ltr'><em>θεοῖς</em></span> 
     </span>
     <span class='ocr_line' id='line_1_28' title="bbox 89 3101 1106 3181; baseline 0.003 -18"><span class='ocrx_word' id='word_1_238' title='bbox 89 3110 126 3164; x_wconf 82' lang='lat' dir='ltr'><em>bc</em></span> <span class='ocrx_word' id='word_1_239' title='bbox 141 3138 173 3148; x_wconf 95' lang='lat'>-</span> <span class='ocrx_word' id='word_1_240' title='bbox 191 3113 233 3161; x_wconf 83' lang='lat'><em>13.</em></span> <span class='ocrx_word' id='word_1_241' title='bbox 251 3101 323 3160; x_wconf 83' lang='grc' dir='ltr'><em>καθ’</em></span> <span class='ocrx_word' id='word_1_242' title='bbox 340 3107 473 3174; x_wconf 78' lang='grc' dir='ltr'><em>ηνδν-</em></span> <span class='ocrx_word' id='word_1_243' title='bbox 493 3113 534 3162; x_wconf 77' lang='grc'><em>16.</em></span> <span class='ocrx_word' id='word_1_244' title='bbox 553 3103 696 3178; x_wconf 77' lang='grc' dir='ltr'><em>ἄριθμοός</em></span> <span class='ocrx_word' id='word_1_245' title='bbox 724 3107 936 3180; x_wconf 73' lang='grc' dir='ltr'><em>ῥυθμονςΡ-</em></span> <span class='ocrx_word' id='word_1_246' title='bbox 951 3108 1014 3181; x_wconf 81' lang='grc' dir='ltr'><em>[τὴν</em></span> <span class='ocrx_word' id='word_1_247' title='bbox 1042 3129 1106 3167; x_wconf 82' lang='grc' dir='ltr'><em>ο-</em></span> 
     </span>
     <span class='ocr_line' id='line_1_29' title="bbox 90 3174 1104 3308; baseline 0.004 -75"><span class='ocrx_word' id='word_1_248' title='bbox 90 3186 132 3234; x_wconf 86' lang='grc'><em>16.</em></span> <span class='ocrx_word' id='word_1_249' title='bbox 152 3174 190 3240; x_wconf 82' lang='grc' dir='ltr'><em>ὡς</em></span> <span class='ocrx_word' id='word_1_250' title='bbox 207 3174 244 3232; x_wconf 75' lang='grc' dir='ltr'><em>ἂν</em></span> <span class='ocrx_word' id='word_1_251' title='bbox 263 3178 350 3245; x_wconf 87' lang='grc' dir='ltr'><em>(ωσαν</em></span> <span class='ocrx_word' id='word_1_252' title='bbox 370 3177 431 3246; x_wconf 77' lang='lat' dir='ltr'><strong>(sie)</strong></span> <span class='ocrx_word' id='word_1_253' title='bbox 452 3177 494 3246; x_wconf 87' lang='grc' dir='ltr'><em>Χ)</em></span> <span class='ocrx_word' id='word_1_254' title='bbox 512 3196 530 3232; x_wconf 89' lang='grc' dir='ltr'><em>α</em></span> <span class='ocrx_word' id='word_1_255' title='bbox 549 3174 653 3235; x_wconf 77' lang='grc' dir='ltr'><em>ὡσανεί</em></span> <span class='ocrx_word' id='word_1_256' title='bbox 707 3175 777 3242; x_wconf 79' lang='grc' dir='ltr'><em>νὼς</em></span> <span class='ocrx_word' id='word_1_257' title='bbox 794 3174 831 3235; x_wconf 77' lang='grc' dir='ltr'><em>διν</em></span> <span class='ocrx_word' id='word_1_258' title='bbox 856 3179 897 3243; x_wconf 84' lang='grc' dir='ltr'><em>τίς</em></span> <span class='ocrx_word' id='word_1_259' title='bbox 915 3181 941 3235; x_wconf 78' lang='lat' dir='ltr'><strong><em>G</em></strong></span> <span class='ocrx_word' id='word_1_260' title='bbox 966 3213 997 3222; x_wconf 93' lang='lat'>-</span> <span class='ocrx_word' id='word_1_261' title='bbox 1035 3182 1104 3308; x_wconf 68' lang='grc' dir='ltr'><em>τῶν]</em></span> 
     </span>
     <span class='ocr_line' id='line_1_30' title="bbox 89 3246 1087 3324; baseline 0.004 -21"><span class='ocrx_word' id='word_1_262' title='bbox 89 3251 138 3304; x_wconf 77' lang='grc' dir='ltr'><em>τοῦ</em></span> <span class='ocrx_word' id='word_1_263' title='bbox 159 3270 184 3304; x_wconf 88' lang='grc' dir='ltr'><em>ιι.</em></span> <span class='ocrx_word' id='word_1_264' title='bbox 204 3267 222 3303; x_wconf 87' lang='grc' dir='ltr'><em>α</em></span> <span class='ocrx_word' id='word_1_265' title='bbox 241 3279 273 3289; x_wconf 97' lang='grc'>-</span> <span class='ocrx_word' id='word_1_266' title='bbox 294 3249 351 3319; x_wconf 86' lang='grc'><strong>[17.</strong></span> <span class='ocrx_word' id='word_1_267' title='bbox 369 3246 490 3316; x_wconf 86' lang='grc' dir='ltr'><em>αίγαίων</em></span> <span class='ocrx_word' id='word_1_268' title='bbox 505 3279 538 3289; x_wconf 93' lang='grc'><strong>-</strong></span> <span class='ocrx_word' id='word_1_269' title='bbox 555 3256 595 3305; x_wconf 84' lang='grc'><em>18.</em></span> <span class='ocrx_word' id='word_1_270' title='bbox 611 3251 711 3320; x_wconf 86' lang='grc' dir='ltr'><em>γαίων]</em></span> <span class='ocrx_word' id='word_1_271' title='bbox 726 3249 811 3306; x_wconf 79' lang='lat' dir='ltr'><em>Schm.</em></span> <span class='ocrx_word' id='word_1_272' title='bbox 828 3251 1087 3324; x_wconf 75' lang='grc' dir='ltr'><em>-17.μλνγο“ιρ]δ</em></span> 
     </span>
     <span class='ocr_line' id='line_1_31' title="bbox 90 3318 1104 3389; baseline 0.003 -14"><span class='ocrx_word' id='word_1_273' title='bbox 90 3321 126 3375; x_wconf 81' lang='lat' dir='ltr'><em>bc</em></span> <span class='ocrx_word' id='word_1_274' title='bbox 139 3350 175 3360; x_wconf 92' lang='lat'>—</span> <span class='ocrx_word' id='word_1_275' title='bbox 194 3325 235 3374; x_wconf 84' lang='lat'><em>19.</em></span> <span class='ocrx_word' id='word_1_276' title='bbox 253 3325 366 3389; x_wconf 83' lang='grc' dir='ltr'><em>συγχεῖν</em></span> <span class='ocrx_word' id='word_1_277' title='bbox 387 3318 431 3374; x_wconf 77' lang='grc' dir='ltr'><em>θα,</em></span> <span class='ocrx_word' id='word_1_278' title='bbox 451 3327 563 3389; x_wconf 80' lang='grc' dir='ltr'><em>στυγεῖν</em></span> <span class='ocrx_word' id='word_1_279' title='bbox 578 3321 613 3389; x_wconf 86' lang='lat'><em>0,</em></span> <span class='ocrx_word' id='word_1_280' title='bbox 633 3323 756 3377; x_wconf 77' lang='lat' dir='ltr'><strong>ceterum</strong></span> <span class='ocrx_word' id='word_1_281' title='bbox 772 3321 810 3375; x_wconf 91' lang='lat' dir='ltr'><em>W</em></span> <span class='ocrx_word' id='word_1_282' title='bbox 824 3322 899 3376; x_wconf 78' lang='lat' dir='ltr'><strong>hauc</strong></span> <span class='ocrx_word' id='word_1_283' title='bbox 916 3338 1015 3376; x_wconf 80' lang='lat' dir='ltr'>vocem</span> <span class='ocrx_word' id='word_1_284' title='bbox 1034 3324 1104 3378; x_wconf 89' lang='lat' dir='ltr'><strong>omi-</strong></span> 
     </span>
     <span class='ocr_line' id='line_1_32' title="bbox 89 3389 1103 3463; baseline 0.003 -19"><span class='ocrx_word' id='word_1_285' title='bbox 89 3390 127 3444; x_wconf 77' lang='lat' dir='ltr'><em>sit</em></span> <span class='ocrx_word' id='word_1_286' title='bbox 149 3391 250 3445; x_wconf 76' lang='lat' dir='ltr'>lacuna</span> <span class='ocrx_word' id='word_1_287' title='bbox 271 3390 371 3445; x_wconf 75' lang='lat' dir='ltr'><strong>relicta</strong></span> <span class='ocrx_word' id='word_1_288' title='bbox 398 3421 432 3431; x_wconf 92' lang='lat'>-</span> <span class='ocrx_word' id='word_1_289' title='bbox 455 3397 498 3447; x_wconf 82' lang='lat'><em>20.</em></span> <span class='ocrx_word' id='word_1_290' title='bbox 522 3397 565 3446; x_wconf 75' lang='grc'><em>11.</em></span> <span class='ocrx_word' id='word_1_291' title='bbox 589 3389 805 3461; x_wconf 82' lang='grc' dir='ltr'><em>τροτετίελτίσθη</em></span> <span class='ocrx_word' id='word_1_292' title='bbox 827 3408 841 3446; x_wconf 83' lang='grc' dir='ltr'><em>τ</em></span> <span class='ocrx_word' id='word_1_293' title='bbox 864 3391 1103 3463; x_wconf 79' lang='grc' dir='ltr'><em>προσεπεπλιίσθη</em></span> 
     </span>
     <span class='ocr_line' id='line_1_33' title="bbox 93 3457 771 3530; baseline -0.003 -15"><span class='ocrx_word' id='word_1_294' title='bbox 93 3461 137 3515; x_wconf 81' lang='grc' dir='ltr'><em>Οε.</em></span> <span class='ocrx_word' id='word_1_295' title='bbox 157 3462 196 3516; x_wconf 82' lang='lat' dir='ltr'><em>ed.</em></span> <span class='ocrx_word' id='word_1_296' title='bbox 216 3492 250 3502; x_wconf 90' lang='lat'>-</span> <span class='ocrx_word' id='word_1_297' title='bbox 268 3466 312 3515; x_wconf 76' lang='lat'><em>21.</em></span> <span class='ocrx_word' id='word_1_298' title='bbox 332 3457 396 3516; x_wconf 83' lang='grc' dir='ltr'><em>κατ’</em></span> <span class='ocrx_word' id='word_1_299' title='bbox 417 3457 523 3524; x_wconf 75' lang='grc' dir='ltr'><em>αὐτοὺς</em></span> <span class='ocrx_word' id='word_1_300' title='bbox 540 3463 645 3530; x_wconf 83' lang='grc' dir='ltr'><em>παροδ.</em></span> <span class='ocrx_word' id='word_1_301' title='bbox 665 3463 702 3518; x_wconf 82' lang='lat' dir='ltr'><em>bc</em></span> <span class='ocrx_word' id='word_1_302' title='bbox 764 3502 771 3513; x_wconf 72' lang='grc'><strong>.</strong></span> 
     </span>
    </p>
   </div>
   <div class='ocr_carea' id='block_1_7' title="bbox 0 0 1250 3848">
    <p class='ocr_par' dir='ltr' id='par_1_7' title="bbox 0 0 1250 3848">
     <span class='ocr_line' id='line_1_34' title="bbox 0 0 1250 3848; baseline 0 0"><span class='ocrx_word' id='word_1_303' title='bbox 0 0 1250 3848; x_wconf 95' lang='lat' dir='ltr'><em> </em></span> 
     </span>
    </p>
   </div>
  </div>
 </body>
</html>
