2490 3848
131 212 152 275 2
527 214 755 267 ΚΟΡΝΟΤΤΟΤ

133 359 217 422 ἔνιοι
242 356 281 423 δέ
302 372 407 442 φασιν
430 351 495 422 άπὸ
520 358 580 423 τοῦ
604 351 747 442 ὠρεῖνδ
773 355 914 445 άρεύειν
942 356 981 425 τά
1006 355 1102 442 ὄντα,
1132 356 1152 426 ὅ

132 463 201 529 ἐστι
220 460 412 548 φυλάττειν,
431 460 581 549 οὐρανὸν
599 466 793 550 κεκλῆσθαι,
814 462 875 551 ἀφ’
894 455 935 532 οὗ
949 464 1004 532 καὶ
1024 461 1042 532 δ
1062 474 1149 552 θυρ-

133 566 219 654 ωρὸς
245 567 431 656 ὠνομάσθη
458 570 515 637 καὶ
547 567 584 636 τὸ
613 575 814 656 πολυωρεϊντ
848 569 943 637 ἄλλοι
974 569 1011 638 δὲ
1044 567 1149 639 αὐτὸν

132 672 281 744 ἀπὸτοῦ
305 673 451 763 δρᾶσθαι
475 673 546 742 άνω
565 675 815 761 ἐτνμολονοῦσι.
854 684 1000 744 καλεῖται
1020 675 1057 743 δὲ
1081 675 1145 744 σὺν

106 785 234 849 τπᾶσιν
258 776 308 862 οἷς
330 783 472 867 περιέχει
494 779 620 866 κόσμος
642 777 707 849 άπὸ
731 785 792 848 τοῦ
814 780 973 849 κάλλιστα
997 786 1146 851 διακεκο-

132 892 292 975 σμῆσθαι.
328 886 417 967 τινὲς
440 884 477 966 δὲ
500 889 568 955 τῶν
591 890 740 974 ποιητῶν
749 874 917 974 ’Ἄκμονος
941 893 1071 974 ἔφασαν
1091 886 1149 957 αδ-

131 993 191 1063 τὸν
223 991 300 1062 υίὸν
335 990 437 1078 εἶναι,
473 991 510 1061 τὸ
543 991 692 1080 άκμητον
728 997 787 1080 τῆς
822 999 1006 1083 περιφορᾶς
1043 994 1149 1064 αὐτοῦ

131 1103 370 1187 αἰνιττόμενοι,
394 1095 415 1186 ἢ
433 1097 666 1187 προλαβόντες
681 1098 732 1168 ὅτι
755 1099 932 1188 ἄφθαρτός
954 1105 1022 1171 ἐστι
1045 1107 1146 1171 τοῦτο

130 1211 307 1295 παριστᾶσι
332 1205 388 1273 διά
410 1210 470 1292 τῆς
492 1210 721 1294 ἐτυμολογίας·
745 1211 942 1295 τετιμηκέναι
965 1208 1030 1296 γάρ
1054 1210 1147 1294 λέγο-

94 1332 121 1371 10
134 1339 195 1401 μεν
218 1311 297 1392 τοδς
320 1313 595 1397 τετελευτηκότας,
632 1311 648 1380 δ
677 1313 714 1382 δὲ
738 1311 836 1383 οὐσία
859 1313 964 1383 αὐτοῦ
987 1313 1146 1400 πυρώδης

129 1421 231 1505 ἐστίν,
251 1416 296 1498 ὡς
310 1423 415 1506 δῆλον
429 1420 465 1487 ἐκ
483 1423 544 1488 τοῦ
559 1417 659 1506 ἡλίου
672 1422 728 1488 καὶ
744 1425 779 1489 έκ
792 1425 860 1489 τῶν
875 1420 987 1489 άλλων
1002 1419 1148 1507 ἄστρων.

130 1525 214 1657 ὅθρν
236 1527 292 1595 καὶ
316 1525 420 1615 αἰθὴρ
440 1529 565 1614 ἐκλήθη
586 1524 625 1596 τὸ
651 1526 799 1609 ἐξωτάτω
819 1529 919 1656 μέρος
937 1532 999 1597 τοῦ
1017 1528 1145 1615 κόσμου

130 1631 280 1702 ἀπὸτοῦ
302 1643 477 1704 αἴθεσθαι·
505 1632 593 1713 τινες
618 1637 657 1702 δέ
678 1653 782 1720 φασιν
809 1632 875 1701 άπὸ
904 1638 966 1702 τοῦ
992 1631 1044 1701 ιἰεὶ
1067 1643 1145 1702 θεῖν

130 1739 237 1821 οὕτως
259 1740 365 1810 αὐτὸν
389 1738 647 1827 ὥνομάσθαι,ο
630 1737 740 1808 ὅέστι
765 1743 863 1833 ῥοίζῳ
884 1741 1057 1826 φέρεσθαι.
1091 1742 1147 1809 καὶ

90 1862 117 1903 15
129 1873 170 1914 τα
192 1845 297 1937 άστρα
320 1845 383 1934 γὰρ
409 1844 558 1916 οίονεὶ”
539 1844 663 1914 αστατά
687 1843 823 1914 έστιν“
802 1873 846 1926 ως
870 1845 1028 1915 οὐδέποτε
1057 1847 1147 1914 ίστά-

128 1980 228 2042 μενα,
253 1951 326 2023 ἀλλ’
348 1953 400 2023 άεὶ
418 1952 610 2040 κινούμενα.
648 1951 789 2040 εὔλογον
809 1951 846 2021 δὲ
868 1956 924 2022 καί
942 1952 1020 2034 τοὺς
1037 1953 1141 2032 θεοὺς

128 2058 193 2130 άπὸ
217 2065 276 2147 τῆς
293 2060 443 2141 θεάσεως
462 2060 636 2145 ἐσχηκέναι
654 2057 715 2146 τὴν
734 2065 978 2147 προσηγορίαν·
1008 2063 1143 2147 πρῶτον

129 2166 193 2254 γάρ
218 2169 252 2234 οί
277 2165 410 2253 άρχαίοι
437 2166 541 2245 θεοὺς
567 2163 806 2254 ὑπελάμβανόν
828 2165 915 2234 εἶναι
944 2163 1003 2244 οὓς
1031 2166 1146 2251 ἑώρων

128 2272 346 2352 ἀδιαλείπτως
378 2274 601 2361 φερομένους,
635 2278 762 2353 αἰτίους
793 2269 917 2352 αὐτοὺς
948 2277 1145 2358 νομίσαντες

91 2395 118 2435 ²⁰
131 2379 218 2448 εἶναι
240 2385 308 2450 τῶν
331 2383 392 2448 τοῦ
416 2376 514 2468 άέρος
532 2383 725 2468 μεταβολῶν
743 2380 799 2447 καὶ
818 2383 876 2466 τῆς
895 2382 1058 2463 σωτηρίας
1080 2379 1148 2443 τῶν

204 2636 227 2683 1.
251 2623 335 2714 ὥρειν
346 2625 453 2717 (ὡρειν
473 2625 587 2716 Χ)ιι’
566 2651 596 2684 ω.
617 2625 775 2685 αὖτὸνλι
763 2628 835 2696 ορίιν
853 2621 1027 2680 αὖτδνο-
1046 2617 1077 2695 ἦ]
1098 2624 1148 2680 καλ

133 2700 259 2771 PV—
226 2696 317 2755 -τίι
344 2695 413 2754 ὄντα
436 2719 455 2756 ο
483 2720 517 2755 τα
541 2702 612 2784 (sed.
628 2702 718 2756 hoc
710 2719 739 2755 m
767 2699 830 2752 loeo
858 2711 935 2752 eraso
962 2698 992 2751 ελ
1017 2713 1102 2765 supra
1129 2717 1148 2750 α

131 2739 246 2841 spisitus
264 2770 335 2826 lenis
353 2788 448 2827 erasus
471 2772 612 2828 videtur
603 2791 634 2826 m
651 2773 693 2842 N)
716 2766 809 2825 πάντα
828 2769 920 2823 bc-
945 2773 969 2821 2.
995 2770 1148 2854 καλεισθαι

131 2844 210 2898 bc—
221 2847 244 2898 5.
260 2847 285 2896 δ.
299 2843 615 2912 διακοσμεῐσθαιοο-
631 2849 656 2898 6.
672 2850 695 2898 λ.
712 2839 822 2909 ἔφασαν
838 2857 927 2892 αυτον
941 2839 975 2894 Ν
979 2839 1043 2892 ΧΡ
1057 2833 1146 2892 αὐτὸν

131 2907 249 2982 ἔφασαν
261 2913 332 2968 ίΜο
351 2864 462 3001 ἔφασαν
474 2912 632 3001 [α.]δ’-
658 2918 683 2967 7.
707 2930 729 2966 ε.
748 2932 774 2964 v.
793 2911 882 2965 bc·-
905 2910 1064 2980 περιφορᾶς
1084 2903 1146 2976 [αδ-

106 2985 193 3056 κτον]
213 2986 296 3040 bc—
311 2991 336 3040 8
355 2981 551 3072 νπολαβοντες
561 2986 648 3040 bc
668 2989 693 3040 9.
712 2983 863 3051 παριστᾶσι
883 2985 1012 3052 (παραστ.
1024 2981 1065 3068 X)
1079 2978 1113 3031 N
1116 2979 1148 3032 X

129 3056 282 3142 παρεστῶσι
300 3051 446 3111 αίίιό-
466 3063 508 3112 11.
532 3051 570 3118 ὡς
593 3056 679 3123 δῆλον
702 3051 752 3107 καί
776 3048 852 3108 ἐκτ.
878 3075 903 3123 η.
923 3072 998 3109 ο-
1021 3046 1147 3120 ἄστρων]

129 3122 234 3195 άσῐρὶ
256 3144 279 3182 ο.
298 3123 423 3196 ἀστέρων
444 3125 471 3181 G
492 3126 567 3182 Gale.
585 3125 633 3180 sed
652 3125 723 3180 conf
738 3124 810 3179 Plat.
825 3124 896 3180 Tim
913 3115 1147 3186 38ο-12.ἐξ-

130 3247 238 3307 ω’τατον
259 3252 396 3308 lec
417 3259 457 3306 13.
478 3249 536 3306 αἰεί
553 3249 652 3321 NLV
662 3251 784 3305 XM-
805 3256 846 3305 15.
864 3244 921 3306 ι’ίςα
938 3244 1041 3307 Vm
1034 3231 1096 3302 “M
1113 3279 1146 3287 -

130 3321 231 3378 είσινο
251 3322 389 3380 είσιο-
409 3329 451 3377 17.
473 3319 583 3384 θέσεως
603 3289 758 3377 XLbc-
783 3327 824 3377 18.
848 3317 1077 3405 δπέλαβομο-
1096 3314 1147 3374 ἕω-

130 3414 186 3462 ρων
205 3394 273 3451 θοίι
296 3395 330 3450 cf.
349 3395 422 3449 Plat.
442 3392 546 3481 Oratyl.
566 3392 661 3448 397D
683 3384 869 3480 ευρονΟ-
893 3397 934 3446 19
959 3385 1148 3454 ἀδιαλείπτως

130 3468 212 3535 (πως
230 3466 267 3537 Ρ)
285 3484 304 3522 ο
322 3459 507 3527 ἀδιαπτώτως
525 3465 540 3521 b
560 3459 757 3528 άδιαπτάτους
775 3480 789 3520 α
