2490 3848
495 217 703 273 ,ΕΙΠΔΡΟΜΕ
1059 215 1104 280 55

93 355 217 425 όδόντα
236 358 474 444 αἰνιττομένων
493 353 615 442 αὐτῶν,
639 353 699 442 ὑφ’
722 348 764 423 οὗ
786 355 868 424 κατὰ
885 361 947 444 γῆς
965 342 1109 445 αρῦττεᾸ

93 487 145 530 ται
163 461 200 530 τδ
220 464 361 549 σπέρμα·
386 460 601 548 διατετάχθαι
621 460 658 529 δὲ
674 452 755 547 ὧδε,
778 460 867 548 τιαρό
880 487 915 530 τε
927 467 967 552 τῇ
984 461 1103 549 Ἀφρο-

94 571 166 656 δίτγ
194 566 255 636 τὸν
283 577 358 637 ίσον
385 566 511 655 χρόνον
537 567 651 654 μένειν
677 565 737 636 τὸν
755 565 903 636 ’Ἄδωνιν
929 570 985 636 καὶ
1014 565 1104 657 παρὰ

92 677 130 760 τῇ
159 673 376 763 Περσεφόνῃ,
405 669 452 739 δι’
478 668 522 758 ἣν
549 681 684 759 είτιομεν
713 677 831 741 αἰτίαν.
878 671 1037 742 ἐκάλεσαν
1065 675 1104 743 δὲ

93 778 314 866 Περσεφόνην
336 777 400 863 τὴν
421 781 480 863 τῆς
502 777 681 867 Δήμητρος
702 780 872 866 θυγατέρα
896 779 952 848 διὰ
974 779 1011 848 τδ
1037 784 1130 849 ἐντί-5

92 872 199 952 τονον
223 883 310 952 εἶναι
336 885 392 951 καὶ
419 881 535 950 τόνων
562 882 712 971 οίστιαὴν
738 883 799 971 τὴν
828 887 985 973 ἐργασίαν
1012 881 1033 971 ἢ
1056 889 1103 977 τῷ

92 993 127 1058 έιι
145 992 260 1059 τόνων
278 987 454 1076 ὑπομονὴν
468 989 643 1076 φέρεσθαι.
673 990 874 1076 νηστεῦονσι
893 990 923 1059 δ’
941 995 988 1070 είς
1003 990 1103 1077 τιμὴν

91 1098 150 1181 τῆς
164 1093 343 1186 Δήμητρος
361 1093 434 1182 ἦτοι
457 1100 669 1182 γεραίροντες
687 1093 793 1183 αὐτὴν
812 1101 888 1188 ίδίφ
906 1096 1016 1186 τρόιτφ
1035 1096 1103 1165 τινὶ

92 1202 240 1287 όταρχῆς
264 1197 312 1288 [ἢ]
337 1199 392 1268 διδ
413 1204 473 1269 τοῦ
491 1198 576 1288 πρὸς
593 1206 673 1287 μίαν
691 1198 818 1289 ἡμέραν
838 1200 1020 1290 ἀντέχεσθαι
1034 1206 1102 1270 τῶν

92 1307 284 1393 δεδομένων
307 1305 421 1386 αὐτοῖς
443 1303 500 1375 ὑπ’
522 1305 623 1392 αὐτῆς
640 1303 661 1393 ἢ
680 1305 752 1375 κατ’
773 1305 950 1392 εὐλάβειαν
973 1310 1103 1390 ἐνδείας
1117 1327 1145 1367 1⁰

90 1412 414 1500 παρεισεληλνθότος
427 1416 487 1481 τοῦ
505 1416 638 1497 ῒθεοῦ·
653 1411 765 1499 ἐπειδὴ
782 1412 820 1482 δὲ
835 1418 999 1500 έστειρον,
1018 1411 1104 1504 ἀφῄ-

90 1545 175 1605 ρουν
189 1516 254 1586 ἆαδ
274 1522 342 1586 τῦν
357 1521 455 1585 ίδίων
469 1520 587 1605 χρεῦν,
605 1516 693 1585 ιιαθδ
713 1515 801 1605 παρὰ
816 1516 877 1586 τὸν
894 1523 954 1587 τοῦ
974 1518 1104 1606 στόρον

89 1621 208 1712 καιρὸν
230 1620 293 1708 τὴν
317 1621 437 1710 ἑορτὴν
462 1621 565 1708 αὐτῆς
586 1621 715 1708 ἄγουσι.
761 1622 835 1710 περὶ
859 1623 896 1691 δὲ
918 1622 955 1691 τδ
981 1629 1038 1718 έαρ
1062 1627 1101 1712 τῇ

90 1731 182 1816 Χλόγ
205 1727 360 1816 Δήμητρι
382 1727 510 1797 θῦονσι
532 1727 613 1814 μετὰ
635 1732 769 1808 παιδιᾶς
790 1729 846 1797 καὶ
868 1733 987 1818 χαρᾶς,
1011 1728 1103 1798 ίδόν·

90 1860 143 1914 τες
174 1834 355 1920 χλοόζοντα
386 1836 442 1902 καὶ
476 1833 648 1919 ἀφθονίας
679 1832 793 1914 αὐτοῖς
822 1835 939 1903 ἐλπίδα
968 1832 1101 1905 ῦτοδει-
1117 1853 1144 1896 1⁶

90 1939 226 2009 κνόντα.
271 1942 430 2008 ἐντεῦθεν
458 1939 495 2007 δέ
525 1939 580 2007 καὶ
611 1937 628 2007 ὁ
657 1943 811 2018 Πλοῦτος
839 1945 897 2026 τῆς
924 1940 1104 2029 Δήμητρος
1148 1946 1153 1957 ’

90 2045 165 2125 νίδς
188 2047 302 2126 ἔδοξεν
325 2043 420 2113 εἶναι.
456 2048 565 2125 καλῶς
586 2043 651 2131 γὰρ
674 2053 800 2131 εἴρηται
822 2044 859 2113 τδ

160 2247 185 2294 2.
205 2237 387 2294 διατέτακται
405 2234 429 2292 b‘
444 2269 478 2280 -
497 2245 522 2294 3.
537 2245 562 2294 4.
581 2235 658 2309 παρὰ
676 2240 710 2328 τῇ
725 2235 889 2327 φεροεφόνρ
909 2241 969 2308 (εεδ
987 2241 1102 2366 griano

89 2309 119 2364 in
136 2310 155 2364 l.
171 2311 220 2377 or.)
236 2309 265 2363 P
280 2340 316 2351 -
334 2314 356 2366 5.
379 2306 561 2380 φεροεφόνην
578 2309 601 2364 0
621 2339 652 2371 -τ
676 2329 728 2379 την
746 2309 796 2378 τῆς
814 2312 969 2380 δημητερος
1005 2307 1028 2366 ὀ
1050 2308 1103 2382 τὴν

90 2380 138 2452 [τ]
159 2376 315 2449 δημήτερος
327 2380 361 2435 Ν
367 2379 401 2450 V¹
422 2399 445 2434 τ.
466 2380 533 2451 [τῆς.
558 2375 698 2450 δήμητρος
711 2380 738 2433 L
755 2411 787 2420 -
807 2387 832 2436 6.
847 2387 872 2436 7.
891 2378 987 2435 πόνων
1007 2380 1103 2452 [οίστι-

90 2448 144 2518 τὴν
159 2481 193 2490 -
208 2446 241 2505 ἐκ
259 2446 366 2520 πόνων]
381 2450 420 2521 N¹
440 2481 473 2490 -
489 2456 513 2505 6.
541 2446 605 2521 τὴν]
626 2447 760 2519 ἐργασίαν
774 2448 920 2522 LV¹N21i
936 2480 969 2490 —
990 2458 1013 2506 7.
1033 2448 1103 2508 ῦντο-

90 2517 179 2590 μονὴν
198 2517 270 2592 Ν,δ’
290 2516 436 2589 ὑπομονῆς
454 2520 526 2575 αΝα
544 2549 578 2561 -
597 2527 622 2576 8.
647 2517 803 2594 δημήτερος
826 2521 905 2591 Vlbe
923 2553 957 2564 -
974 2541 1039 2590 ητοι
1057 2541 1103 2592 γε·

90 2592 234 2659 ραίροντες
252 2591 317 2660 (hoc
334 2608 390 2645 non
409 2591 478 2645 satis
496 2607 556 2661 ραν.
576 2591 606 2645 in
624 2591 660 2659 V3
679 2593 764 2660 γέρον
781 2591 800 2645 i.
819 2591 837 2646 l.
857 2591 955 2662 latoL)
975 2588 1065 2660 αὐτὴν
1084 2611 1104 2649 a

90 2655 108 2725 ἢ
128 2661 305 2729 γεραίροντες
320 2657 410 2730 αῦτὴν
425 2678 439 2716 c
456 2658 519 2730 ἤτοι
534 2659 664 2731 γέροντες
677 2656 768 2730 αῦτὴν
781 2661 815 2714 N
830 2657 860 2716 ολ
869 2661 1001 2749 γέροντες
1015 2658 1104 2732 αὐτῆς

90 2726 207 2801 Ν,6’-
226 2737 251 2785 9.
270 2724 314 2819 [ἢ]
333 2728 382 2787 διὰ
400 2731 451 2787 τοῦ
470 2731 558 2789 Schm.
577 2726 596 2801 ἢ
620 2727 669 2786 διὰ
687 2728 719 2787 τὸ
736 2732 759 2785 Ο
774 2762 806 2772 -
825 2750 896 2799 τερος
909 2734 975 2804 μιᾶς
992 2730 1103 2804 ἡμέραν

91 2801 118 2854 L
137 2797 191 2868 πρὸ
211 2801 277 2869 μιοῖς
294 2800 403 2872 ημέρας
420 2799 520 2857 a'V-
541 2809 582 2858 11.
601 2800 874 2871 ταρεισεληλνθότος
887 2804 938 2858 τοῦ
951 2805 1025 2859 θεοῦ
1040 2804 1106 2860 LN

89 2867 362 2939 παρεισεληλνθότος
384 2873 434 2940 τῆς
455 2872 528 2926 θεοῦ
551 2868 576 2926 b'
601 2870 846 2943 τροοεληλνθότος
869 2874 919 2929 τοῦ
945 2875 1020 2929 θεοῦ
1045 2872 1106 2930 a'V

89 2942 344 3009 τιαρειοεληλνθίας
361 2941 411 3009 τῆς
429 2943 501 2997 θεοῦ
516 2942 557 3014 N,
577 2939 654 3009 ταρὰ
674 2943 724 3012 τῆς
740 2944 815 2998 θεοῦ
832 2960 900 2998 τοτε
919 2944 1104 3014 γενομένηςε

90 3043 123 3052 -
148 3007 240 3065 ἐτειδλ
263 3008 295 3065 δὲ
314 3011 348 3066 N
369 3007 467 3079 ἐπειδὴ
486 3010 545 3136 Εδέ]
569 3009 633 3068 b'M
652 3044 685 3054 -
711 3019 752 3069 12.
777 3014 927 3085 [χρεῶν]ό
952 3010 1103 3085 χρημάτων

91 3081 135 3136 Os.
150 3083 190 3137 ed.
205 3112 239 3121 —
259 3081 363 3137 Totum
379 3082 475 3137 locum¹
507 3085 666 3152 esperatum
683 3084 722 3139 εὶο
738 3085 885 3140 constituit
898 3085 1000 3140 δελετε
1018 3103 1102 3155 προο-

90 3147 260 3220 εληλνθότος
278 3152 328 3206 τοῦ
348 3147 454 3219 σπόρον
474 3150 549 3222 ἔχειν
566 3151 656 3223 μηδὲν
674 3159 799 3224 στεῖραι,
817 3150 955 3225 ἀφαιρεῖν
969 3152 1026 3211 ἀπὸ
1045 3157 1102 3210 τῶν

90 3220 170 3276 ἰδίων
188 3218 292 3292 χρεόνς
311 3224 346 3279 δε
365 3222 461 3293 μίλτον
478 3238 530 3293 pro
543 3225 617 3279 θεοῦ
637 3224 774 3294 οοςίθανὶι
787 3225 959 3282 δίαιλιοοννδ
974 3257 1004 3266 -
1023 3221 1102 3280 καθὸ

89 3292 138 3345 καὶ
156 3293 221 3361 περὶ
235 3310 249 3348 ο
263 3324 297 3334 -
312 3300 354 3348 13.
373 3289 425 3363 τὴν
440 3289 540 3364 ἑορτὴν
554 3296 604 3364 τῆς
616 3293 714 3364 Χήρας
728 3291 829 3366 δι’γονσι
843 3297 931 3352 Schm.
947 3327 980 3336 -
996 3302 1038 3350 14.
1052 3299 1102 3365 δη-

90 3359 188 3449 μήτεργ
207 3363 318 3420 οΠΝθ
332 3360 473 3449 Ιδημήτηρι
486 3364 515 3418 Β
533 3395 568 3405 -
588 3365 648 3438 [καὶ
666 3367 767 3437 χαρᾶς]
782 3367 868 3422 Schm.
888 3396 921 3406 -
941 3372 982 3421 15.
997 3363 1106 3493 γλοόζῦ.)

90 3436 128 3501 γλ.
144 3451 238 3488 ταντα
250 3434 296 3490 vel
310 3455 360 3490 τον
374 3432 480 3506 ττόρον
495 3434 539 3489 Οε.
556 3465 588 3475 -
606 3442 700 3492 1617.
714 3456 737 3490 τ.
752 3440 777 3493 δ.
792 3433 854 3499 υίὸς
869 3433 967 3502 ἔδοξεν
981 3456 995 3492 ε
1008 3458 1056 3494 ναι
