2490 3848
135 213 177 278 70
397 215 428 235 ”'
534 214 758 269 ΚΟΡΝΟΤΤΟΤ

132 382 210 444 ματι
234 359 344 423 αἰτίου
366 355 551 442 γινομένου
575 354 632 423 θιά
650 359 709 442 τῆς
726 359 788 424 τοῦ
806 357 1017 443 περιέχοντος
1036 354 1154 444 εὐκρα·

132 467 215 542 σίας.
261 487 287 531 ο.
312 465 363 530 33.
397 459 482 530 Κατ’
505 459 700 531 ἀκόλουθον
716 461 819 530 πάλιν
836 461 898 531 τὸν
913 460 1152 549 Ἀσκληπιὸν

131 566 211 637 νίὸν
233 566 338 636 αὐτοῦ
361 571 491 654 ἔφασαν
514 569 691 654 γενέσθαι,
718 565 779 636 τόν
808 571 975 637 δοκοῦντα
1002 583 1072 650 τοίς
1094 568 1152 637 ἀν-

131 674 283 762 θρώποις
310 672 563 761 ὑποόεδειχέναι
591 674 653 762 τῆν
681 673 848 764 ἰατρικῆν·
876 677 978 763 έχρῆν
1005 675 1068 764 γὰρ
1096 678 1153 745 καὶ

104 779 240 872 ῡτοότῳ
268 784 314 872 τῷ
337 780 428 872 τόπῳ
452 780 552 850 θεῖόν
578 807 610 849 τι
633 784 816 869 ἐπιστῆσαι.
857 779 1042 870 ὠνομάσθη
1072 783 1110 850 δέ
1134 781 1152 852 ὁ

129 885 326 974 Ἀσκληπιὸς
354 885 418 957 ἀπὸ
447 892 509 956 τοῦ
539 891 642 970 ἠπίως
672 892 788 957 ἰᾶσθαι
817 889 873 956 καί
900 887 1153 975 ἀναβάλλεσθαι

130 992 193 1080 τῆν
223 992 306 1063 κατά
335 993 395 1064 τὸν
425 995 581 1064 θάνατον
611 996 795 1082 γινομένην
828 991 1044 1083 ἀπόσκλησιν.
1096 995 1153 1064 όιά

131 1104 231 1171 τοῦτο
264 1101 329 1188 μὰρ
363 1099 532 1188 δράκοντα
563 1098 653 1191 αὐτῷ
684 1107 900 1186 παριστᾶσιν,
932 1103 1153 1189 ἐμφαίνοντες

132 1205 184 1276 ὅτι
203 1205 324 1295 ὅμοιόν
342 1233 374 1274 τι
392 1207 499 1298 τούτῳ
519 1205 706 1293 πάσχουσιν
726 1209 761 1273 οί
775 1204 943 1296 χράμενοι
960 1211 1000 1296 τῆ
1021 1213 1152 1297 ἰατρικῇ

91 1331 119 1372 10
130 1311 215 1383 κατά
233 1312 271 1382 τὸ
292 1313 397 1382 οίονεί
416 1309 610 1393 ἀνανεάζειν
629 1313 664 1380 έκ
682 1315 750 1379 τάν
764 1310 884 1397 Ινόσων
900 1311 955 1378 καί
970 1312 1152 1381 ἐκδύεσθαι

129 1420 168 1490 τὸ
196 1424 316 1508 γῆρας,
345 1416 413 1507 άμα
441 1415 475 1485 θ’
501 1419 571 1486 ἐπεὶ
599 1420 767 1505 προσοχῆς
795 1414 813 1485 ό
844 1418 978 1506 δράκων
1001 1431 1151 1505 σημεῖον,

131 1518 172 1612 ῆς
188 1529 315 1613 πολλῆς
334 1529 388 1593 δεῖ
403 1523 488 1612 πρὸς
507 1523 567 1603 τὰς
584 1530 773 1610 θεραπείας.
809 1523 865 1590 καί
884 1522 922 1592 τὸ
945 1523 1092 1609 βάκτρον
1116 1525 1153 1594 δὲ

130 1632 289 1701 τοιούτου
310 1629 404 1709 τινὸς
427 1634 535 1698 έοικεν
554 1626 641 1697 εἰναι
661 1629 848 1718 σύμβολον·
871 1636 1067 1719 παρίσταται
1087 1631 1152 1718 γὰρ

131 1736 178 1806 δι’
203 1735 310 1806 αὐτοῦ
332 1735 399 1822 ὅτι,
423 1740 455 1803 εἰ
477 1735 521 1822 μῆ
544 1735 681 1816 ταύταις
703 1749 775 1816 ταῖς
798 1738 963 1815 ἐπινοίαις
985 1738 1153 1824 έπεστηρι-

93 1858 120 1900 1⁶
136 1842 260 1931 ζόμεθα
284 1838 366 1912 ὅσον
390 1841 444 1910 έπί
465 1839 503 1910 τὸ
524 1846 671 1929 συνεχῶς
689 1847 738 1922 εἰς
760 1840 952 1929 ἀρρωστίαν
971 1845 1153 1929 ἐμπίπτειν,

131 1945 194 2018 κάν
224 1951 351 2017 θάττον
381 1951 442 2017 τοῦ
474 1950 612 2028 θέοντος
642 1947 871 2036 σφαλλόμενοι
902 1953 1152 2037 κατεπίπτομεν.

130 2055 259 2139 λέγεται
283 2054 320 2122 δὲ
348 2051 366 2122 ὁ
390 2060 522 2141 Χείρων
549 2057 747 2142 τετροφέναι
775 2053 836 2124 τόν
862 2053 1060 2141 Ἀσκληπιὸν
1088 2053 1152 2124 κάν

129 2172 201 2240 τοῖς
222 2163 280 2246 τῆς
303 2163 452 2248 ἰατρικῆς
474 2159 693 2248 θεοιρῆμασιν
711 2161 901 2248 ἠσκηκέναι,
920 2158 982 2246 τῆν
1006 2161 1062 2230 διὰ
1085 2167 1153 2232 τάν

203 2397 228 2445 1.
247 2397 273 2445 2.
293 2384 431 2456 ἀκρασίας
451 2390 573 2461 ΗΜ

202 2461 315 2517 XXXII.
335 2466 359 2515 2.
379 2456 444 2516 κατ’
456 2456 619 2521 ἀκόλουθον
634 2456 728 2515 Mlb'c
741 2455 1001 2515 κατακόλοοθονΝ
1011 2457 1084 2515 κατὰ
1101 2459 1153 2516 τὸν

131 2528 296 2620 ἀκόλοτχθοη
311 2532 340 2585 P
351 2563 384 2572 -
404 2539 428 2590 ἰ).
447 2528 604 2618 Ιτοάτιμτῷι
615 2527 691 2602 τόπῳ
711 2546 726 2585 α
743 2527 846 2585 τοότον
857 2532 903 2623 τῷ,
921 2527 998 2616 τόπῳ
1016 2532 1072 2586 aN
1087 2530 1153 2587 τοά-

132 2601 1154 2745 &amfssfflffle'sstssXXX}302222‘033531‘16YP322'22

133 2744 247 2798 ιστῶσιν
262 2743 285 2797 O
300 2775 334 2784 -
354 2740 566 2815 [ἐμφαίνοντες]
582 2744 608 2797 L
619 2744 697 2814 V1bc
711 2773 744 2783 -·
763 2750 805 2799 10.
824 2739 919 2816 ἀναν]
940 2739 1112 2814 ἀναγκάζειν
1127 2740 1152 2799 α’

133 2845 168 2856 ·-
195 2821 235 2870 14.
261 2810 317 2885 ότι]
339 2810 401 2870 ὄντι
419 2816 429 2868 ἰ
448 2846 481 2854 -
502 2821 543 2870 14.
565 2821 605 2870 15.
626 2811 719 2870 έπεστ.
744 2807 811 2870 όσον
835 2811 883 2870 έπί
904 2817 942 2886 τῷ
967 2817 1090 2885 συνεχῶς
1113 2814 1154 2876 εἰς

134 2881 293 2956 ἀρρωστίαν
313 2881 376 2956 ἒμπ.
396 2906 422 2942 κ.
441 2889 472 2941 θ.
491 2907 514 2942 τ.
534 2887 558 2942 ὃ.
579 2903 626 2955 οφ.
648 2889 857 2957 κατεπίττομεν
876 2887 1107 2956 (καταπίπταμεν
1123 2886 1157 2939 N

133 2960 349 3028 κατεπίττωμεν
366 2958 403 3026 L)
414 2956 470 3012 aN
485 2952 577 3013 έπεστ.
597 2975 689 3026 σννεχ.
710 2957 759 3028 (τῷ
779 2976 802 3012 σ.
820 2958 874 3029 Ν,)
894 2957 935 3021 εἰς
953 2953 1015 3027 ἀρρ.
1035 2977 1057 3014 ε.
1077 2977 1100 3012 κ.
1121 2958 1152 3011 θ.

132 3049 156 3083 τ.
171 3031 196 3083 ἃ.
212 3047 261 3098 σῳ.
276 3031 493 3098 κατεπίττωμεν
509 3028 590 3099 (illud
611 3048 624 3084 ε
639 3029 657 3085 i.
673 3030 692 3084 Ι.
708 3046 755 3097 er.²
773 3028 818 3083 cui
832 3029 928 3084 subest
942 3049 960 3082 α
974 3029 1014 3096 B;
1033 3045 1152 3083 καταπι-

131 3137 239 3242 πτόμεν
260 3169 286 3224 G
304 3188 524 3240 καταπιπτωμεν
542 3171 596 3242 Ν,)
610 3166 682 3242 Ν,ἰί
708 3165 947 3254 έπιστηριξόμεθρι
968 3163 1015 3223 ἐπὶ
1036 3163 1068 3221 τὸ
1089 3184 1153 3222 σον-

132 3240 196 3311 εχίς
214 3235 251 3295 ἀν
271 3239 311 3304 εἰς
329 3237 473 3312 ἄρρωστον
492 3242 601 3296 θάττον
620 3242 670 3295 τοῦ
690 3239 806 3304 θέοντος
829 3242 965 3309 σφαλλομ.
985 3239 1153 3294 κατεπίττο-

132 3332 184 3382 μεν
203 3330 218 3369 e
236 3343 270 3353 —
296 3318 336 3368 1⁷.
357 3340 375 3349 -
395 3318 442 3380 72,
461 3318 486 3367 2.
508 3310 678 3382 τετροφέναι
698 3308 752 3382 τῆν
774 3307 836 3383 [τόν
859 3305 1016 3377 ἀσκληπιόν
1035 3342 1068 3349 -
1090 3313 1153 3383 βον-

131 3384 206 3455 λομ,]
224 3384 264 3454 Ν,
287 3415 321 3424 -
342 3389 382 3440 18.
404 3383 475 3454 [τῆς]
496 3381 623 3452 ἰατρικῆς
641 3383 683 3454 Ν,
709 3383 757 3467 [τ]
782 3380 916 3447 ἰατρικοῖς
935 3381 961 3436 θ
979 3401 1002 3434 τ.
1027 3380 1154 3450 ἰατρικῆς

132 3452 233 3508 lacuna
254 3455 292 3508 M
303 3486 338 3496 -
356 3448 513 3523 ἠσκηκέναι
530 3449 583 3523 τῆν
600 3450 650 3508 διὰ
670 3457 754 3523 (κατα
771 3453 807 3505 Μ
811 3452 859 3522 7,)
879 3453 935 3505 τῶν
954 3453 1054 3522 χειρῶν
1074 3450 1087 3507 ἐ
1111 3451 1154 3521 έρ-
