2490 3848
127 240 170 305 36
521 238 746 294 KOPNOTTOT

127 379 234 469 ἀρχὴν
256 385 318 449 τοῦ
341 393 483 469 φρονεῖν
506 386 610 467 ἔσχεν.
655 380 693 448 τὸ
719 377 804 448 δδ”
785 405 893 467 ονομα
920 383 978 467 τῆς
998 377 1145 464 Ἀθηνᾶς

128 485 439 575 δοσετυμολόγητον
467 483 569 553 666²
552 483 752 572 αρχαιότητά
781 486 865 569 ἐστι,
893 488 961 552 των
990 479 1097 569 μέν’
1079 465 1143 549 από

127 597 189 662 τού
207 590 328 680 ἀθρεῖν
347 593 456 660 πάντα
471 586 545 659 οἷον
562 589 731 677 Ἀθρηνᾶν
746 588 853 677 αὐτὴν
867 587 1077 658 εἰπόντων
1046 616 1145 674 ειναι,

127 703 195 767 τῶν
220 700 257 767 δὲ
281 698 338 767 διδι
360 696 398 766 τὸ
420 703 538 783 καίπερ
560 696 704 782 θήλειαν
728 688 835 764 οὖσαν
858 694 976 782 ἥκιστα
998 695 1145 782 θηλύτη-

101 824 185 884 δτος
207 807 263 872 καὶ
281 802 444 882 έκλύσεως
462 804 608 890 μετέχειν
627 800 689 888 τὴν
710 801 874 888 Ἆθηνάν·
900 801 1009 886 [ἄλλοι
1025 802 1062 869 δὲ
1080 800 1143 869 άπὸ

127 914 188 979 τοῦ
207 909 251 997 μὴ
270 912 453 997 πεφυκέναι
471 911 638 978 θένεσθαι
652 909 707 977 καὶ
725 906 971 977 ὑποτάττεσθαι
990 907 1052 995 τὴν
1071 905 1145 994 ιἰρε-

127 1015 217 1104 την]
241 1015 324 1103 τάχα
344 1015 375 1084 δ’
392 1022 423 1084 εἰ
442 1014 620 1103 Ἀθηναία,
645 1012 689 1094 ὡς
708 1018 744 1082 οἰ
760 1016 895 1083 παλαιοὶ
914 1014 975 1102 την
997 1014 1144 1102 Ἀθηνόιν

129 1129 256 1209 ἔλεγον,
271 1127 471 1212 αἰθεροναία
485 1125 584 1191 ἐστίν.
605 1120 626 1208 ἡ
642 1121 680 1189 δὲ
693 1126 860 1208 παρθενία
875 1120 977 1209 αὐτῆς
990 1126 1052 1189 τοῦ
1065 1131 1148 1189 καθ-

63 1225 71 1326 f
129 1233 215 1316 αροῦ
237 1230 293 1297 καὶ
312 1225 477 1316 ἀμιάντου
495 1227 667 1315 σύμβολόν
688 1229 756 1295 ἐστι
777 1233 797 1310 [·
816 1230 971 1310 τοιοῦτον
991 1227 1056 1313 γάρ
1074 1254 1106 1296 τι
1125 1226 1145 1314 ἡ

90 1355 115 1396 10
129 1331 253 1422 άρετή].
276 1336 536 1421 καθωπλισμένη
556 1333 593 1401 δὲ
607 1333 780 1401 πλάττεται
798 1333 854 1400 καὶ
874 1331 979 1412 οὕτως
997 1337 1147 1422 ἰστοροῦ-

130 1459 185 1508 σιν
200 1438 307 1527 αὐτὴν
321 1441 496 1526 γεγονέναι
510 1438 728 1525 παριστάντες
743 1437 794 1507 ὅτι
808 1436 979 1528 αὐτάρκως
993 1439 1077 1526 πρὸς
1090 1438 1147 1519 τδις

130 1552 285 1634 μεγίστας
303 1547 358 1614 καί
378 1547 661 1636 δυσφορωτάτους
674 1545 808 1632 πράξεις
828 1546 1107 1632 παρασκευάζεται
1125 1544 1146 1633 ἡ

130 1655 308 1742 φρόνησις·
322 1654 472 1740 μέγισται
484 1650 549 1738 γὰρ
565 1655 725 1720 δοκοῦσιν
740 1656 778 1720 αἰ
789 1653 962 1740 πολεμικαὶ
977 1650 1073 1721 εἶναι.
1091 1652 1147 1720 διὰ

128 1758 254 1845 ταύτην
278 1759 315 1827 δὲ
338 1756 400 1845 τὴν
424 1763 534 1826 αἰτίαν
558 1757 673 1849 καὶτὸ
699 1761 867 1846 ἔπανδρον
891 1760 946 1826 καὶ
970 1759 1148 1846 γοργωπὸν

91 1883 117 1924 15
131 1861 215 1954 αὐτῇ
238 1863 435 1934 ἀνατιθέασι
458 1864 544 1935 πολὺ
569 1871 667 1952 ἔχειν,
690 1866 848 1934 τοιοῦτόν
866 1892 898 1933 τι
920 1865 1149 1953 ἐμφαινούσας

104 1959 110 1968 ’
129 1972 184 2039 καὶ
198 1974 257 2058 τῆς
271 1971 495 2058 γλαυκότητος
509 1969 624 2059 αὐτῆς·
637 1973 693 2040 καὶ
703 1972 767 2059 γὰρ
780 1975 849 2040 τῶν
859 1978 993 2059 θηρίων
1002 1970 1042 2040 τδι
1058 1969 1149 2038 άλκι-

130 2077 274 2165 μύτατα,
296 2072 372 2144 οἷον
390 2080 428 2143 αί
444 2076 624 2163 παρδάλεις
641 2078 696 2144 καί
717 2081 752 2145 οἰ
763 2079 905 2161 λέοντες,
924 2076 1051 2163 γλαυκά
1071 2081 1148 2162 εἰσι,

132 2185 417 2266 δυσαντίβλεπτον
440 2186 617 2266 στίλβοντα
637 2179 700 2248 ἀπὸ
720 2185 788 2249 τοόν
808 2180 981 2268 ὀμμάτων·
1006 2189 1090 2250 ἔνιοι
1110 2185 1150 2267 δέ

131 2307 214 2374 φασι
241 2285 401 2373 τοιαύτην
429 2283 538 2372 αύτίγν
565 2285 829 2372 παρεισάγεσθαι
858 2285 914 2353 διὰ
943 2286 981 2355 τὸ
1011 2285 1071 2355 τόν
1099 2292 1149 2354 αἰ-

91 2411 118 2452 ²⁰
131 2395 217 2480 θέρα
239 2392 388 2480 γλαυκὸν
412 2390 508 2461 εἰναι.
553 2391 644 2459 πάνυ
668 2387 698 2458 δ’
724 2391 858 2471 εἰκότως
886 2393 1079 2479 συμμετέχει
1102 2395 1148 2483 τῷ

132 2505 195 2568 Διῒ
219 2504 278 2586 τῆς
305 2503 450 2585 αἰγίδος,
483 2495 544 2585 ούχ
573 2498 666 2585 ἑτέρα
700 2490 785 2565 ούσα
811 2502 873 2565 τού
901 2495 978 2585 παρ’
1010 2494 1027 2565 δ
1057 2502 1150 2566 δοκεῖ

207 2634 231 2678 1.
251 2643 298 2691 φρ.
319 2620 376 2691 εἶχε
396 2622 422 2678 6
441 2620 503 2691 ἔσχε
524 2641 605 2692 φρον
625 2638 690 2676 6-
711 2627 737 2675 6.
756 2617 805 2675 διὰ
823 2617 876 2688 τὴν
895 2615 1068 2692 ἀρχαιότητα
1087 2639 1149 2677 σ-

134 2701 158 2749 6.
183 2695 337 2748 θείνεοθαι
361 2692 420 2780 (sed
438 2708 508 2746 corr.
528 2708 561 2746 ex
583 2688 739 2778 θένεοθαι)
758 2692 797 2745 Μ
816 2689 959 2746 θένεοθαι
978 2693 1038 2748 Plb
1062 2690 1150 2783 θητε-

133 2768 289 2819 σθαιτ-
310 2770 334 2818 6.
355 2769 379 2819 ⁸1.
399 2757 553 2850 dommi.
572 2763 591 2816 1.
611 2778 649 2818 er
669 2757 739 2815 Μ
721 2782 757 2842 αρ
776 2758 913 2830 ήνθ-
937 2771 962 2819 7.
983 2762 1112 2851 τύχαδ
1124 2763 1153 2819 εἰ

129 2830 266 2922 Ἀθηναία
247 2836 345 2904 α(αν
364 2829 441 2903 B)
423 2853 461 2896 ως
479 2831 509 2889 οἰ
524 2854 552 2887 π.
572 2853 595 2888 τ.
614 2853 642 2886 α.
662 2829 709 2902 ἐλ,
734 2854 752 2887 α
789 2835 905 2920 εροναία
925 2831 1000 2890 ἐστίν
1019 2837 1058 2890 αδ
1077 2830 1150 2904 τάχα

133 2900 162 2960 δ’
184 2901 241 2960 άπδ
262 2906 312 2960 τού
337 2900 496 2992 αἰθέρος
478 2925 515 2968 ως
533 2902 582 2958 καὶ
605 2901 635 2958 οἰ
650 2875 766 2958 παλαιοὶ
788 2902 895 2992 ταύτην
918 2903 1015 2976 έλεγον
1034 2904 1148 2992 αἰθερο-

133 2977 214 3031 νείαν
229 2994 244 3031 σ
258 2972 330 3065 τάχα
345 2971 374 3030 δ’
387 2970 569 3046 Ἀθηναία,
551 2995 589 3038 ως
603 2971 632 3028 οἰ
643 2970 801 3029 παλαιοί
772 2995 824 3043 την
836 2970 956 3045 Ἀθηνᾶν
972 2972 1109 3046 ἔλεγονᾙ
1091 2972 1148 3029 απὸ

133 3047 184 3102 τού
204 3045 322 3116 αἰθέρος
340 3043 401 3101 οἷον
420 3046 595 3132 Αἰθεροναία
615 3041 690 3100 ἐστίν
710 3045 753 3101 Οε.
768 3047 861 3102 ed-
881 3053 906 3101 9.
925 3047 1054 3101 τοιοῦτον
1073 3064 1091 3100 α
1092 3043 1150 3100 'Vc

132 3119 244 3173 τοιούτο
269 3119 373 3173 bL-
398 3113 452 3187 γάρ
471 3138 497 3171 τι
523 3113 565 3186 (τό
592 3133 660 3172 corr.
685 3116 714 3171 in
741 3138 768 3172 τι
792 3119 842 3187 Μ)
861 3119 904 3173 ab
928 3111 983 3186 γάρ
1007 3136 1050 3170 τοι
1073 3133 1088 3170 ο
1117 3148 1148 3156 -

135 3195 175 3243 12.
204 3183 440 3273 διαφορωτάτους
459 3189 556 3244 Μίδο
578 3184 814 3274 δυσχερεστάτονς
833 3189 862 3242 Ρ
887 3187 927 3258 (in
945 3203 1033 3273 marg.
1057 3186 1148 3272 VM);

133 3253 365 3345 δυσφορωτάτας
373 3258 503 3314 Eud.-
529 3265 569 3315 13.
591 3264 632 3312 14.
656 3256 705 3313 διά
724 3255 843 3343 ταύτην
849 3255 881 3312 δὲ
901 3259 940 3312 ab
964 3253 1012 3310 διδι
1032 3256 1063 3312 δὲ
1083 3255 1149 3312 ταύ-

132 3347 218 3398 τηνο
241 3327 289 3385 διὰ
313 3325 419 3417 ταύτην
443 3322 495 3384 066
516 3329 560 3386 Os.
579 3331 673 3384 66-
700 3336 739 3384 15.
745 3324 847 3416 [πολύ
871 3326 960 3399 ἔχειν]
987 3328 1031 3383 Os.
1052 3331 1091 3384 ed
1116 3360 1149 3368 —

135 3406 176 3454 19
174 3399 330 3482 τοιαύτην
348 3396 439 3469 αὐτὴν
453 3419 471 3456 τι
472 3397 541 3456 ''Vb
562 3396 697 3469 τοιαύτην
715 3395 789 3455 αύτα
808 3399 868 3469 (εἰσ)
882 3400 922 3470 N,
943 3400 1061 3454 τοιαῦτα
1077 3394 1150 3454 αύτά

133 3465 218 3536 (αὐτοι
236 3471 280 3541 N)
299 3472 379 3527 LNC
