2490 3848
496 210 694 263 ΕΠΙΔΡΟΜΗ,
1056 209 1097 272 61

90 341 131 420 οὗ
154 349 209 418 καὶ
232 347 251 426 ὁ
276 347 354 429 όνος
378 351 414 417 ἐν
437 359 509 428 ταῖς
535 362 680 436 πομπαῖς
703 348 808 418 αὐτοῦ
834 356 966 438 θαμίξει
989 351 1044 417 καὶ
1069 354 1104 418 οί

89 459 212 545 φαλλοὶ
235 451 324 547 αὐτῷ
350 451 567 523 ἀνατίθενται
589 456 644 522 καὶ
667 454 705 524 τὰ
730 455 946 542 φαλλαχιόχια
974 455 1101 542 ἀνεται·

89 561 260 649 κινητικὸν
278 560 341 649 γάρ
360 560 444 646 πρός
462 567 647 630 συνουσίαν
663 559 681 630 ὁ
697 559 804 646 οἶνος,
823 560 879 629 διά
893 559 984 630 τοῦτ’
1001 565 1102 631 ἐνίων

90 672 186 756 κοινῇ
209 668 369 737 θυόντων
388 667 549 758 Λιονάσφ
567 669 621 735 καὶ
642 664 830 757 Ἀφροδίτῃ.
868 664 885 735 ὁ
911 667 948 736 δὲ
970 669 1103 756 νάρθηξ

92 773 148 841 διὰ
171 778 229 860 τῆς
252 773 464 861 σκολιότητος
486 778 553 841 τῶν
572 772 689 842 κόλων
713 776 867 861 ἐμφαίνει
890 772 927 842 τό
948 778 1028 863 τῇδε
1047 771 1130 842 xci-⁵

44 923 49 936 ·
90 893 179 949 κεῖσε
202 879 468 967 περιφερόμενον
489 882 558 947 τάν
578 879 776 965 μεθυόντων
801 878 883 966 [άμα
902 879 1012 948 δὲκαὶ
1032 883 1105 948 ἐλα-

92 984 201 1072 φροὺς
222 985 278 1052 καὶ
297 983 540 1069 εόβαστάκτους
559 983 682 1063 αὐτοὺς
700 982 815 1068 είναι]·
838 986 926 1066 τινὲς
945 988 985 1054 δέ
1001 1006 1106 1072 φασιν

93 1089 144 1158 ὅτι
167 1090 222 1156 καὶ
245 1089 283 1159 τὸ
307 1088 483 1179 άναρθρον
508 1089 596 1177 [μὲν]
619 1095 677 1176 τῆς
695 1096 810 1170 λαλιάς
832 1089 943 1160 αὐτῶν
967 1089 1105 1177 [ὡσανεὶ

93 1195 206 1282 ἀρθρα
229 1200 319 1281 ἔχον]
343 1200 550 1283 παρίστησιν,
588 1193 773 1282 όρείφοιτοι
797 1194 828 1263 θ’
850 1198 914 1264 είσλ
937 1197 992 1264 καὶ
1015 1199 1106 1283 φιλέ-

94 1329 193 1391 ρημοι
216 1306 254 1370 αί
274 1300 400 1388 Βάκχαι
425 1300 481 1369 θιά
504 1300 542 1369 τὸ
566 1300 610 1388 μὴ
634 1307 669 1369 ἐν
691 1313 763 1381 ταῖς
784 1301 938 1389 πόλεσιν,
961 1302 1034 1372 ἀλλ’
1054 1305 1105 1371 ἐπὶ
1121 1322 1146 1362 10

92 1412 171 1482 τῶν,
183 1413 315 1495 χωρίων
342 1410 529 1492 γεννᾶσθαι
551 1405 612 1474 τὸν
641 1405 747 1475 οἶνον.
793 1408 1005 1496 διθύραμβος
1030 1406 1061 1477 θ’
1088 1408 1105 1476 ὁ

94 1513 265 1592 Διόνυσος
288 1510 413 1598 ἐκλήθη
437 1510 578 1598 πότερον
605 1509 650 1590 ός
671 1509 708 1578 τό
734 1516 880 1597 δίθυρον
903 1517 965 1580 τοῦ
988 1513 1107 1600 στόμα-

89 1646 150 1698 τος
173 1617 373 1704 ἀναφαίνων
396 1617 451 1685 καλ
470 1615 781 1704 ἐκφερομυθεῖντά
805 1613 978 1705 ἀπόρρητα
1000 1623 1107 1686 ποιῶν

93 1720 113 1809 ἢ
139 1721 183 1802 ὡς
207 1720 252 1790 δι’
274 1719 378 1790 αὐτὸν
400 1721 456 1789 καὶ
480 1722 533 1789 ἐπὶ
557 1720 615 1800 τὰς
633 1720 743 1809 θύρας
766 1719 1021 1808 ἀναβαινόντων
1039 1721 1106 1790 τάν

94 1831 183 1897 νέων
206 1825 226 1915 ἢ
251 1826 479 1915 ἐμβαινόντων
502 1833 550 1906 είς
572 1824 689 1912 αὐτάς,
718 1825 737 1893 ό
760 1828 850 1901 ἐστιν
879 1826 1108 1914 ἐμπιπτόντων
1122 1847 1148 1888 15

94 1934 149 2001 καὶ
167 1932 444 2025 βιασαλευόντων
467 1929 507 1998 τόι
530 1939 678 2019 κλεῖθρα.
714 1931 947 2019 καθαιρετικός
970 1933 1008 2000 θλ
1025 1957 1107 2000 παν-

95 2040 150 2118 τὸς
178 2037 379 2107 οὑτινοσοῦν
408 2035 567 2124 ὑπάρχων
596 2038 687 2117 ἔδοξε
714 2036 769 2103 καὶ
796 2037 995 2124 πολεμιστὴς
1022 2036 1108 2105 εἶναι

95 2146 151 2213 καὶ
173 2147 304 2230 πρῶτος
325 2144 593 2228 καταθεθειχίναι
615 2141 677 2215 τόν
700 2143 737 2209 ἐν
759 2154 831 2220 ταῖς
848 2149 1040 2228 πολεμικαῖς
1062 2147 1129 2211 νίν

94 2267 168 2320 καις
199 2239 366 2326 ἀγόμενον
398 2243 578 2325 θρίαμβον.
634 2235 652 2306 ὁ
686 2238 722 2305 δὲ
754 2243 921 2325 θρίαμβος
952 2237 1017 2306 ἀπὸ
1048 2243 1109 2306 τοῦ

96 2347 214 2424 θροεῖν
237 2336 292 2404 καὶ
316 2340 478 2421 ἰαμβίζειν
501 2341 564 2422 τῆν
587 2341 706 2423 κλῆσιν
730 2341 861 2421 ἔλαχεν,
886 2333 969 2403 ὅθεν
992 2335 1047 2402 καὶ
1071 2336 1107 2402 ἐν
1123 2357 1149 2396 εο
1210 2403 1214 2410 ,

96 2449 166 2514 τοῖς
187 2432 269 2503 κατὰ
292 2437 360 2501 τῶν
383 2439 551 2519 πολεμίων
575 2437 757 2520 θρίαμβοις
779 2436 810 2499 οἱ
832 2437 948 2499 πολλοὶ
971 2429 1109 2499 ἀναπαί-

97 2549 187 2621 στοις
205 2529 410 2609 σκάπτοντες
423 2534 578 2618 χρῶνται.
610 2529 665 2596 καὶ
683 2527 746 2613 τὴν
760 2534 874 2596 κίτταν
890 2528 927 2595 θλ
943 2526 988 2608 ὡς
1005 2529 1109 2597 λάλον

168 2657 192 2705 2.
217 2651 398 2722 φαλλαχόχια
416 2653 495 2724 Μ,Β
520 2649 685 2721 φαλαχάχια
705 2652 731 2706 G
753 2645 965 2719 σφαλαχοόχιαο
988 2656 1110 2720 φαλλασ-

97 2716 186 2790 χάχια
204 2721 249 2775 ίΡ
270 2719 470 2792 φαλλαχχόχια
487 2723 550 2778 NV
584 2720 767 2792 φαλλαχοόθια
785 2721 829 2792 Μ,
851 2752 885 2762 -
908 2728 933 2776 3.
956 2721 1005 2776 διὰ
1027 2723 1110 2777 τοῦτο

98 2787 138 2846 b'c
153 2819 185 2831 -
204 2797 229 2846 3.
244 2797 269 2846 4.
290 2790 360 2846 ἔνιοι
378 2814 404 2847 κ.
423 2790 529 2850 θάουσι
543 2763 662 2865 &1362
680 2790 763 2848 ἐνίων
783 2813 808 2847 κ.
824 2789 993 2862 μεθυόντων
1008 2809 1022 2847 ο
1036 2824 1069 2833 -
1085 2799 1109 2849 6,
1217 2862 1223 2870 ⁴

97 2857 333 2931 παραφερόμενον
356 2859 424 2934 α’λῙ,
449 2896 482 2905 -
509 2871 533 2919 7.
560 2861 752 2935 εόβαστάκτας
774 2864 808 2917 N
828 2859 1020 2988 ἐκβαστάκτας
1042 2864 1052 2916 λ
1075 2894 1109 2902 -

98 2927 226 3003 [αὐτοὺς]
248 2931 292 2989 Os,
311 2934 351 2988 τό.
371 2963 405 2972 -
424 2940 448 2988 8.
471 2929 631 3005 ἀναρθρον]
657 2932 799 3004 ἔναρθρον
818 2934 854 2988 Sc
872 2949 906 2987 m.
926 2963 960 2972 -
981 2939 1005 2986 9.
1025 2951 1051 2986 α.
1071 2930 1109 3002 μὴ

98 3001 163 3072 ἔχον
181 3003 220 3073 Β,
245 2998 341 3074 ἀρθρα
365 2999 436 3090 ἔχων
455 3021 469 3058 ο
487 3004 574 3060 Schm.
598 3035 632 3045 -
653 3010 694 3059 11.
714 3000 812 3074 χοίρων
835 3005 851 3059 b
875 3033 908 3044 -
932 3000 1111 3075 διθύραμβος

99 3068 154 3144 [θ’]
175 3090 241 3128 ο-
262 3079 303 3128 12.
326 3092 463 3142 προτερον
482 3071 559 3129 α’-
586 3082 627 3131 13.
650 3071 820 3142 ἀναφαίνων
838 3075 876 3145 Β,
902 3068 1067 3145 ἀναβαίνων
1088 3071 1111 3126 0

98 3175 132 3183 -
149 3148 190 3200 14.
205 3139 245 3197 δι’
261 3139 349 3198 αὐτόν
363 3144 412 3199 καλ
427 3140 474 3199 ἐπὶ
487 3141 538 3208 τὰς
549 3147 594 3216 θ]
610 3141 657 3200 ἐπ’
673 3139 762 3199 αὐτόν
781 3145 830 3198 καλ
846 3141 895 3199 διά
913 3143 961 3214 [τ]
975 3146 1007 3200 θ.
1022 3143 1109 3198 Schm.

98 3244 132 3253 —
153 3220 194 3269 16,
214 3211 440 3269 διασαλευόντων
461 3235 484 3270 τ.
504 3220 544 3270 κλ.
562 3214 611 3270 καὶ
635 3211 829 3285 ἐμπιπτόντων
848 3215 935 3269 Βολίνα.
956 3243 989 3253 -·
1014 3217 1054 3267 18.
1080 3208 1112 3267 ίν

99 3289 161 3345 ταῖς
179 3288 342 3354 πολεμικαῖς
360 3287 453 3347 νίκαις
470 3285 539 3356 PV,
561 3282 593 3340 ἐν
611 3292 673 3348 ταῖς
686 3288 850 3354 πολεμικαῖς
869 3287 948 3353 (corr.
963 3284 993 3338 in
1008 3280 1038 3337 ἐν
1053 3288 1112 3345 τοῖς

100 3358 260 3423 πολεμικοῖς
273 3356 311 3409 M
318 3356 351 3426 V)
366 3357 416 3427 [ν]
432 3357 470 3409 Μ
471 3358 481 3410 l
486 3357 521 3410 bc
536 3351 567 3410 ίν
580 3376 604 3410 τ.
618 3360 782 3424 πολεμικαῖς
795 3360 920 3424 πομπαῖς
935 3352 1004 3408 Gale
1018 3385 1051 3394 -
1066 3359 1108 3407 21.

99 3421 130 3478 σί
147 3424 243 3479 πολλοὶ
261 3427 296 3480 Α.
311 3426 411 3481 Nauck
429 3431 540 3489 πολλοῖς
561 3425 637 3480 0-
655 3431 697 3480 22.
717 3425 826 3494 κίτταν]
845 3426 942 3478 νίτταν
955 3423 1021 3496 LVl
