2490 3848
413 249 576 306 CODIGUM
594 249 793 308 RECENSUS.
1042 273 1105 322 x1x

43 476 46 481 ι
93 405 128 461 ut
149 404 253 462 nostro
277 420 293 460 e
316 400 420 460 critica
443 402 629 478 supellectile
652 404 771 463 delectu
794 403 879 478 quasi
903 402 1003 480 imago
1024 404 1105 462 effin-

93 493 216 567 geretur
252 489 483 567 archetyporum
520 491 628 568 trium,
665 509 742 568 quae
779 491 925 565 diximus,
961 510 1106 568 generum

93 586 254 655 eorumque
286 578 481 654 familiarum3
514 580 676 654 seperatim
705 579 833 656 denique
860 597 875 638 c
902 581 1021 655 generis
1048 581 1106 640 lec-

92 668 190 728 tiones
214 667 349 743 singulas
377 667 421 726 eis
448 669 568 727 tantum
595 669 776 744 protulimus
803 668 891 741 locis,
918 669 970 727 ubi
993 667 1106 728 Osanni

93 755 221 816 editione
243 758 383 831 receptae
407 757 484 815 sunt.

181 845 300 918 Restat,
324 846 359 902 ut
376 843 419 902 eis
438 843 525 917 viris,
549 844 600 918 qui
617 843 650 903 in
668 845 781 904 edendo
800 843 932 904 Cornuto
951 844 1028 904 alius
1047 845 1107 904 alio

91 932 179 993 modo
203 933 277 991 mihi
300 934 372 990 sunt
395 930 548 1006 opitulati,
577 933 691 1008 gratias
706 926 807 1009 'agam
835 951 925 1009 quam
951 932 1107 1008 plurimas.
1210 992 1212 996 .

92 1020 217 1080 Praeter
240 1038 341 1081 omncs
364 1019 433 1079 illos
456 1020 591 1080 homines
614 1021 815 1100 doctissimos,
839 1039 912 1098 quos
932 1040 985 1081 suo
1005 1040 1106 1096 quem-

93 1127 150 1184 que
182 1110 246 1170 locc
277 1109 310 1167 in
341 1108 475 1168 codicum
504 1128 630 1169 recensu
665 1111 787 1170 honoris
820 1127 912 1169 causa
946 1109 1107 1185 nominavi,

93 1215 210 1256 summa
232 1217 299 1257 cum
322 1197 516 1258 veneratione
538 1197 629 1258 laudo
652 1197 889 1258 illustrissimum
907 1197 1016 1274 Magno
1031 1197 1107 1258 Duci

92 1285 185 1346 Badd.
203 1285 419 1363 Ministerium,
438 1286 518 1361 quod
536 1288 602 1344 tum
621 1286 688 1362 fuit,
706 1306 808 1347 rerum
827 1289 1030 1360 externam,
1053 1306 1108 1361 per

92 1375 170 1450 quod
194 1393 278 1437 anno.
297 1376 381 1436 1867
405 1377 627 1452 peropportune
650 1376 725 1435 mihi
752 1375 871 1452 cecidit,
904 1377 938 1433 ut
969 1374 1008 1434 ad
1040 1393 1109 1434 con-

92 1462 232 1523 ferendos
256 1463 369 1522 codices
392 1463 434 1521 M
452 1463 483 1521 B
506 1463 536 1521 L
559 1463 632 1522 mihi
654 1482 714 1523 non
738 1466 818 1524 esset
840 1462 1107 1540 peregrinandum

91 1550 182 1611 laudo
209 1551 450 1611 illustrissimum
472 1550 583 1628 Magno
606 1551 683 1611 Duci
704 1551 798 1612 Badd.
821 1550 1024 1612 Ministerium
1051 1552 1108 1612 rei-

92 1640 230 1714 publicae
252 1639 415 1717 regeudse,
439 1658 498 1715 quo
521 1639 724 1700 intercedente
747 1657 823 1700 anno
849 1640 935 1699 1880
958 1639 1002 1699 W
1017 1641 1108 1698 codex

92 1727 270 1789 Vindobona
302 1727 549 1804 Offonisburgum
580 1728 654 1787 mihi
690 1729 885 1789 transmissus
922 1728 981 1803 est3
1017 1727 1107 1787 laudo

93 1814 382 1891 Zangemeistcrum,
404 1816 605 1876 bibliothecae
623 1815 886 1893 Heidelbergensis
913 1814 1108 1891 praefectum,

94 1904 186 1978 atquc
209 1903 425 1978 Beussnerum,
449 1903 711 1963 bibliothecarium
733 1905 1032 1981 Argentoratensem,
1056 1905 1108 1980 qui

94 1992 181 2066 mihi,
213 2009 404 2067 quoscunque
437 2009 473 2050 ex
505 1990 548 2050 eis
579 1990 768 2052 bibliothecis
800 1991 894 2077 libros
925 1992 1107 2068 exoptaram,

93 2078 376 2140 benevolentissime
399 2079 644 2155 suppeditevdr03
669 2081 759 2142 laudo
783 2081 1009 2139 Haeussnerum
1036 2079 1108 2138 smi-
1192 2072 1196 2075 ’

93 2167 246 2227 cissimum
268 2165 570 2244 Heidelbergensem,
594 2167 646 2244 qui
668 2169 835 2245 complures
858 2167 890 2226 in
911 2166 1003 2227 variis
1026 2168 1107 2228 illius

91 2254 292 2316 bibliothecae
324 2256 409 2316 libris
441 2257 521 2316 locos
554 2275 621 2317 mea
651 2257 752 2334 gratia
778 2256 920 2333 inspexit3
953 2256 1042 2316 laudo
1070 2256 1107 2319 A.

92 2344 262 2404 Nauclrium
285 2345 557 2421 Petropolitanum‚
588 2345 688 2406 virum
718 2346 798 2405 inter
824 2344 993 2421 philologos
1022 2364 1107 2420 prae·

92 2433 304 2509 clarissimum,
338 2434 389 2510 qui
421 2453 488 2494 oum
517 2452 572 2509 per
599 2433 753 2494 Kellerum
786 2433 927 2511 amicum,
959 2432 1107 2510 insignem
1134 2482 1141 2489 .

92 2521 179 2580 illurn
201 2522 322 2582 Horatii
346 2523 565 2600 sospitatorem,
587 2522 620 2580 in
642 2523 756 2583 edendo
774 2520 907 2582 Cornuto
925 2539 973 2580 me
992 2521 1107 2582 versari

95 2611 296 2686 cognovisset,
325 2611 492 2687 complures
520 2629 589 2670 suas
618 2629 727 2688 easque
749 2612 898 2688 palmares
922 2609 1107 2670 coniecturas

93 2696 203 2756 litteris
220 2718 337 2759 mecum
356 2699 598 2778 communicavit3
621 2700 710 2761 laudo
726 2700 852 2776 denique
868 2697 1107 2758 Studemundum

93 2782 395 2868 Argentoratensem,
421 2788 519 2850 virum
546 2789 731 2864 amplissima
757 2788 872 2866 ingenii
895 2805 929 2845 ac
953 2786 1105 2846 doctrinae

94 2872 183 2932 laude
201 2873 370 2950 florentem,
393 2876 457 2953 qui,
475 2894 535 2952 qua
556 2879 602 2936 est
621 2877 730 2938 eximia
748 2896 820 2954 ergo
845 2894 947 2937 omnes
970 2876 1108 2934 humani·

93 2963 171 3037 tate,
196 2963 227 3021 et
250 2962 371 3022 consilio
395 2967 426 3022 et
447 2983 481 3024 re
502 2984 551 3024 me
574 2965 699 3029 adiuvit.

184 3119 295 3198 Scripsi
320 3119 516 3197 Offcaisburpi
536 3123 636 3185 idibus
659 3125 744 3184 Iuliis
769 3127 864 3185 1881.
