2490 3848
90 221 156 270 ,⁷111
497 172 713 254 ranrrrrro.

93 353 163 429 post
177 349 247 412 Chr.
256 371 285 411 n.
300 350 451 410 saeculum
461 349 609 425 quadrare
619 348 745 410 videtur.
753 340 779 430 1)
802 348 886 420 Quae
900 369 967 411 cum
982 351 1025 412 ita
1039 353 1108 427 sint,

92 459 147 501 nos
176 440 296 517 quidem
323 438 449 500 Cornuti
474 437 646 515 philosophi
676 458 782 500 verum
808 442 899 516 atque
931 457 1107 516 germanum

93 529 189 590 fetum
211 529 290 590 hunc
312 529 449 590 libellum
471 545 640 600 censemus,
663 544 843 603 quamquam
861 529 994 588 fatemur
1010 548 1108 607 neque

92 619 284 695 profligatam
307 635 374 678 esse
396 617 473 676 hanc
498 616 704 692 quaestionem
727 617 784 691 eis,
807 635 883 692 quae
905 618 993 679 modo
1017 618 1109 680 disse-

92 708 221 784 ruimus,
241 712 272 767 et
289 704 530 781 interpolationis
549 704 631 764 luem
649 705 779 766 fortasse
797 707 889 766 etiam
907 707 999 767 latius
1018 726 1108 784 quam

92 796 288 856 indicavimus
306 814 361 871 per
374 793 551 869 opusculum
565 812 696 854 manare.
727 795 842 854 Verum
861 796 1012 857 enimvero
1031 796 1108 855 illud

94 888 224 959 constat,
247 901 371 960 prorsus
390 883 558 958 respuenda
577 900 643 943 esse
667 901 744 958 quae
766 885 797 942 in
821 902 855 944 eo
878 885 1026 962 libellulo,
1049 903 1108 960 quo

92 973 199 1033 Ioanni
225 971 361 1032 Schulzio
394 964 531 1030 ‘munera
561 971 682 1046 publica
705 975 775 1030 ante
807 973 862 1032 hos
889 974 1109 1050 quinquaginta

94 1080 186 1122 annos
217 1060 358 1136 auspiciis
391 1058 584 1119 faustissimis
618 1060 758 1135 suscepta
789 1063 1032 1136 congratulatum
1062 1066 1110 1122 est

95 1150 293 1226 Gymnasium
327 1149 458 1225 Regium
494 1146 643 1207 Gallicum
674 1142 883 1208 Berolinense’
922 1145 962 1228 (a.
997 1145 1108 1229 1858),

93 1237 270 1314 Anonymus
298 1237 420 1314 quidam
449 1230 661 1316 (Wollenberg
688 1239 767 1295 teste
790 1229 1038 1318 Aschersonio²))
1071 1238 1108 1298 de

94 1329 215 1386 auctore
230 1325 366 1401 opusculi
383 1325 479 1386 nostri
492 1325 656 1401 proposuit.
692 1324 766 1384 Inde
781 1325 872 1402 enim,
891 1325 971 1400 quod
987 1325 1110 1400 quidam

94 1415 209 1476 codices
229 1445 271 1455 ——
292 1417 363 1474 sunt
381 1417 484 1474 autern
503 1414 567 1473 eius
590 1416 710 1473 tantum
732 1413 852 1490 generis
876 1413 1005 1489 codices,
1029 1415 1110 1490 quod

93 1523 147 1564 nos
170 1504 274 1563 littera
297 1505 314 1563 b
336 1502 560 1580 insignivimus,
586 1534 623 1545 -
649 1503 772 1562 ineunte
800 1501 896 1578 primo
921 1502 1018 1577 capite
1040 1505 1110 1578 post

93 1581 256 1652 ὦπαιδίον
278 1611 386 1652 nomen
408 1586 529 1672 γεώργιε
550 1592 698 1665 inserunt,
723 1593 779 1651 hoc
802 1591 860 1651 sibi
882 1590 965 1651 visus
989 1594 1037 1650 est
1060 1592 1108 1650 de-

92 1684 261 1742 monstrare
278 1700 381 1758 posse,
409 1679 575 1740 Cornutum
598 1680 734 1757 opusculi
757 1680 793 1738 de
816 1680 969 1756 theologia
993 1678 1108 1739 Graeca

93 1773 246 1830 auctorem
265 1768 396 1829 Cornuto
411 1769 508 1829 Persii
526 1768 672 1846 magistro
690 1771 791 1829 aetate
809 1769 905 1828 multo
924 1787 991 1829 esse
1008 1771 1079 1844 post
1098 1805 1108 1814 -

92 1860 209 1919 riorem.
261 1857 339 1928 Quid
365 1859 447 1935 quod
474 1878 543 1919 eum
570 1859 610 1918 ad
637 1858 778 1919 Theoreti
806 1861 942 1935 tempora
965 1851 998 1936 (i.
1022 1877 1046 1918 e.
1070 1858 1109 1917 ad

92 1949 232 2024 quintum
258 1951 328 2024 post
352 1946 506 2008 Christum
529 1940 695 2029 saeculum)
721 1947 815 2007 reicit.
862 1946 957 2017 Quam
981 1946 1020 2006 ad
1044 1965 1109 2005 sen-

92 2038 220 2096 tentiam
246 2036 429 2096 fulciendam
456 2040 488 2096 et
515 2037 724 2095 stabiliendam
755 2038 935 2112 argumenta
957 2053 1034 2109 quae
1056 2035 1109 2094 ille

93 2124 182 2184 affert
204 2123 242 2182 ad
265 2124 392 2183 verbum
415 2123 463 2181 hic
485 2127 633 2198 repetam,
655 2141 715 2183 non
738 2141 796 2198 quo
819 2124 950 2181 multum
973 2123 1016 2180 eis
1040 2141 1111 2180 auc-

92 2212 225 2273 toritatis
244 2210 470 2271 attribuendum
488 2211 631 2288 arbitrer,
656 2211 707 2270 sed
726 2210 796 2286 quia
814 2210 997 2283 libellulum,
1021 2228 1111 2285 quem

93 2300 167 2374 dixi,
190 2301 305 2360 frustra
323 2332 367 2341 —
386 2303 508 2375 experto
531 2299 649 2360 credasl
664 2330 708 2340 -
723 2319 759 2359 ex
776 2298 905 2374 publicis
918 2297 1109 2358 bibliothecis

93 2392 147 2448 aut
170 2408 188 2448 a
210 2389 382 2464 bibliopolis
406 2388 542 2464 requiras
566 2391 597 2448 et
619 2392 721 2448 tamen
738 2386 1017 2463 Wollenbergiide
1038 2384 1109 2445 (lor-

92 2482 166 2538 nuto
197 2478 296 2554 opinio
329 2480 411 2538 certe
439 2477 530 2554 digna
562 2480 621 2553 est,
654 2477 736 2536 cuius
768 2475 826 2536 viri
858 2475 937 2535 docti
968 2475 1109 2534 notitiam

92 2566 239 2643 habeant3
266 2568 323 2626 hac
350 2565 502 2626 occasione
531 2567 634 2625 oblata
660 2566 759 2625 facere
790 2583 850 2623 non
881 2582 1005 2640 possum
1037 2565 1109 2641 quin

93 2654 342 2714 Maximiliano
362 2653 545 2728 Schulzio,
568 2653 789 2726 Wiesbadensi,
808 2652 928 2713 Ioannis
946 2651 1023 2727 filio,
1042 2653 1108 2713 viro

92 2742 360 2820 venerandissimo,
383 2743 499 2820 gratias
523 2761 612 2820 agam
635 2741 847 2819 amplissimas,
876 2742 955 2816 quod
977 2740 1109 2802 Wollen-

93 2832 255 2908 bergianae
273 2832 355 2892 illius
373 2831 652 2892 lucubratiunculae
671 2849 759 2890 suum
777 2831 946 2906 exemplum
963 2831 1110 2891 utendum

93 2920 166 3001 mihi
189 2939 306 2980 summa
328 2939 396 2981 cum
417 2921 601 2981 liberalitate
623 2920 770 2997 permisit.
810 2921 998 2997 Argumenta
1015 2919 1110 2994 igitur

94 3008 283 3069 doctissimus
306 3010 359 3069 ille
381 3009 429 3070 rir
447 3010 520 3069 haec
544 3002 587 3090 (p.
611 3004 646 3088 8)
670 3009 769 3068 affert:
794 3001 1016 3069 ‘Theodoretus
1039 3006 1109 3065 Por-

92 3098 241 3174 phyriana
264 3116 341 3174 quae
363 3098 491 3175 praebet
514 3117 550 3157 ex
571 3097 715 3171 Eusebio,
744 3116 804 3157 non
832 3097 983 3173 adpellato
1007 3094 1109 3153 eutem

166 3253 192 3319 1)
203 3249 350 3304 Notabilia
363 3250 393 3304 in
408 3264 441 3303 eo
456 3265 557 3319 genere
573 3251 637 3304 sunt
650 3265 749 3319 pauca,
763 3249 796 3303 ut
809 3243 930 3316 πότερον
941 3277 973 3286 -
984 3240 1002 3314 ἤ
1013 3270 1046 3291 =
1057 3250 1107 3300 aut

93 3350 127 3361 -
142 3327 199 3386 aut,
214 3320 289 3391 quod
304 3321 498 3390 compluriens,
517 3321 547 3375 et
562 3316 635 3391 τάχα
650 3315 678 3375 δ’
696 3318 724 3374 εἰ
737 3345 770 3365 =
784 3319 911 3386 forsitan,
933 3315 1008 3387 quod
1022 3316 1109 3370 semel

91 3388 122 3443 in
140 3390 238 3446 libello
257 3393 353 3448 nostro
372 3391 505 3457 occurrit;
524 3392 579 3446 hoc
596 3394 693 3447 tamen
710 3389 775 3444 ride
788 3405 824 3443 ne
838 3387 1049 3457 interpolatoris
1063 3386 1108 3440 sit.

165 3463 192 3530 2)
210 3461 290 3517 Neue
308 3462 404 3518 Jahrb.
424 3462 444 3519 t.
463 3460 512 3516 Ph.
532 3463 590 3518 und
607 3462 638 3517 P.
659 3466 736 3518 1859.
756 3461 782 3514 II
799 3479 826 3530 p.
848 3464 906 3514 108.
