<?xml version="1.0" encoding="UTF-8"?>
<!DOCTYPE html PUBLIC "-//W3C//DTD XHTML 1.0 Transitional//EN"
    "http://www.w3.org/TR/xhtml1/DTD/xhtml1-transitional.dtd">
<html xmlns="http://www.w3.org/1999/xhtml" xml:lang="en" lang="en">
 <head>
  <title>
</title>
<meta http-equiv="Content-Type" content="text/html;charset=utf-8" />
  <meta name='ocr-system' content='tesseract 3.04.00' />
  <meta name='ocr-capabilities' content='ocr_page ocr_carea ocr_par ocr_line ocrx_word'/>
</head>
<body>
  <div class='ocr_page' id='page_1' title='image "./cornvtitheologi00corngoog/cornvtitheologi00corngoog_0031.png"; bbox 0 0 2490 3848; ppageno 0'>
   <div class='ocr_carea' id='block_1_1' title="bbox 134 233 757 298">
    <p class='ocr_par' dir='ltr' id='par_1_1' title="bbox 134 233 757 298">
     <span class='ocr_line' id='line_1_1' title="bbox 134 233 757 298; baseline -0.003 -12"><span class='ocrx_word' id='word_1_1' title='bbox 134 233 154 298; x_wconf 85' lang='grc'><strong>6</strong></span> <span class='ocrx_word' id='word_1_2' title='bbox 532 234 757 286; x_wconf 79' lang='lat' dir='ltr'>KOPNOTTOT</span> 
     </span>
    </p>
   </div>
   <div class='ocr_carea' id='block_1_2' title="bbox 72 372 1155 3414">
    <p class='ocr_par' dir='ltr' id='par_1_2' title="bbox 72 372 1155 3414">
     <span class='ocr_line' id='line_1_2' title="bbox 132 372 1148 464; baseline -0.004 -20"><span class='ocrx_word' id='word_1_3' title='bbox 132 379 170 444; x_wconf 84' lang='grc' dir='ltr'><strong><em>ίν</em></strong></span> <span class='ocrx_word' id='word_1_4' title='bbox 202 387 273 455; x_wconf 77' lang='grc' dir='ltr'><strong><em>τοῖς</em></strong></span> <span class='ocrx_word' id='word_1_5' title='bbox 303 372 395 461; x_wconf 86' lang='grc' dir='ltr'><strong><em>όρεσι</em></strong></span> <span class='ocrx_word' id='word_1_6' title='bbox 426 376 616 461; x_wconf 75' lang='grc' dir='ltr'><strong><em>γινομένων</em></strong></span> <span class='ocrx_word' id='word_1_7' title='bbox 650 372 759 464; x_wconf 78' lang='grc' dir='ltr'><strong><em>ζςόων,</em></strong></span> <span class='ocrx_word' id='word_1_8' title='bbox 789 373 867 454; x_wconf 84' lang='grc' dir='ltr'><strong><em>τοὺς</em></strong></span> <span class='ocrx_word' id='word_1_9' title='bbox 897 375 1047 460; x_wconf 83' lang='grc' dir='ltr'><strong><em>λέοντας,</em></strong></span> <span class='ocrx_word' id='word_1_10' title='bbox 1078 372 1148 460; x_wconf 81' lang='grc' dir='ltr'><strong><em>ἡνι-</em></strong></span> 
     </span>
     <span class='ocr_line' id='line_1_3' title="bbox 133 477 1149 569; baseline -0.001 -19"><span class='ocrx_word' id='word_1_11' title='bbox 133 480 338 569; x_wconf 82' lang='grc' dir='ltr'><strong><em>οχουμένονς</em></strong></span> <span class='ocrx_word' id='word_1_12' title='bbox 355 477 411 548; x_wconf 85' lang='grc' dir='ltr'><strong><em>ὑπ’</em></strong></span> <span class='ocrx_word' id='word_1_13' title='bbox 424 478 526 567; x_wconf 80' lang='grc' dir='ltr'><strong><em>αὐτῆς</em></strong></span> <span class='ocrx_word' id='word_1_14' title='bbox 544 478 793 566; x_wconf 75' lang='grc' dir='ltr'><strong><em>παρεισήγαγον</em></strong></span> <span class='ocrx_word' id='word_1_15' title='bbox 814 485 835 563; x_wconf 88' lang='grc'><strong><em>[·</em></strong></span> <span class='ocrx_word' id='word_1_16' title='bbox 849 482 931 567; x_wconf 87' lang='grc' dir='ltr'><strong><em>τάχα</em></strong></span> <span class='ocrx_word' id='word_1_17' title='bbox 952 481 989 548; x_wconf 72' lang='grc' dir='ltr'><strong><em>δὲ</em></strong></span> <span class='ocrx_word' id='word_1_18' title='bbox 1004 481 1060 549; x_wconf 84' lang='grc' dir='ltr'><strong><em>καὶ</em></strong></span> <span class='ocrx_word' id='word_1_19' title='bbox 1079 483 1149 549; x_wconf 81' lang='grc' dir='ltr'><strong><em>ἐπεὶ</em></strong></span> 
     </span>
     <span class='ocr_line' id='line_1_4' title="bbox 132 585 1148 675; baseline 0.001 -20"><span class='ocrx_word' id='word_1_20' title='bbox 132 590 168 655; x_wconf 93' lang='grc' dir='ltr'><strong><em>οί</em></strong></span> <span class='ocrx_word' id='word_1_21' title='bbox 187 590 347 674; x_wconf 78' lang='grc' dir='ltr'><strong><em>χειμῶνες</em></strong></span> <span class='ocrx_word' id='word_1_22' title='bbox 370 585 543 675; x_wconf 88' lang='grc' dir='ltr'><strong><em>άγριωπόν</em></strong></span> <span class='ocrx_word' id='word_1_23' title='bbox 566 612 597 653; x_wconf 93' lang='grc' dir='ltr'><strong><em>τι</em></strong></span> <span class='ocrx_word' id='word_1_24' title='bbox 621 591 758 674; x_wconf 59' lang='grc' dir='ltr'><strong><em>ἔχουσι]</em></strong></span> <span class='ocrx_word' id='word_1_25' title='bbox 797 585 976 673; x_wconf 86' lang='grc' dir='ltr'><strong><em>πυργωτόν</em></strong></span> <span class='ocrx_word' id='word_1_26' title='bbox 1000 587 1038 654; x_wconf 73' lang='grc' dir='ltr'><strong><em>δὲ</em></strong></span> <span class='ocrx_word' id='word_1_27' title='bbox 1060 594 1148 674; x_wconf 91' lang='grc' dir='ltr'><strong><em>περί-</em></strong></span> 
     </span>
     <span class='ocr_line' id='line_1_5' title="bbox 131 690 1149 783; baseline -0.001 -21"><span class='ocrx_word' id='word_1_28' title='bbox 131 720 236 763; x_wconf 81' lang='grc' dir='ltr'><strong><em>κειται</em></strong></span> <span class='ocrx_word' id='word_1_29' title='bbox 261 696 428 783; x_wconf 81' lang='grc' dir='ltr'><strong><em>στέφαυον</em></strong></span> <span class='ocrx_word' id='word_1_30' title='bbox 452 691 526 780; x_wconf 76' lang='grc' dir='ltr'><strong><em>ἤτοι</em></strong></span> <span class='ocrx_word' id='word_1_31' title='bbox 551 690 668 761; x_wconf 76' lang='grc' dir='ltr'><strong><em>διὰτὸ</em></strong></span> <span class='ocrx_word' id='word_1_32' title='bbox 691 691 857 780; x_wconf 78' lang='grc' dir='ltr'><strong><em>καταρχὰς</em></strong></span> <span class='ocrx_word' id='word_1_33' title='bbox 882 694 935 761; x_wconf 81' lang='grc' dir='ltr'><strong><em>ἐπὶ</em></strong></span> <span class='ocrx_word' id='word_1_34' title='bbox 961 697 1030 763; x_wconf 77' lang='grc' dir='ltr'><strong><em>τῶν</em></strong></span> <span class='ocrx_word' id='word_1_35' title='bbox 1059 692 1149 782; x_wconf 77' lang='grc' dir='ltr'><strong><em>ὀρῶν</em></strong></span> 
     </span>
     <span class='ocr_line' id='line_1_6' title="bbox 72 796 1148 888; baseline -0.007 -14"><span class='ocrx_word' id='word_1_36' title='bbox 72 871 74 874; x_wconf 79' lang='grc'>,</span> <span class='ocrx_word' id='word_1_37' title='bbox 106 805 292 870; x_wconf 79' lang='grc' dir='ltr'><strong><em>οτίθεσθαι</em></strong></span> <span class='ocrx_word' id='word_1_38' title='bbox 320 798 379 880; x_wconf 83' lang='grc' dir='ltr'><strong><em>τὰς</em></strong></span> <span class='ocrx_word' id='word_1_39' title='bbox 405 798 518 881; x_wconf 86' lang='grc' dir='ltr'><strong><em>πόλεις</em></strong></span> <span class='ocrx_word' id='word_1_40' title='bbox 546 796 749 888; x_wconf 78' lang='grc' dir='ltr'><strong><em>ὀχυρότητος</em></strong></span> <span class='ocrx_word' id='word_1_41' title='bbox 776 801 888 869; x_wconf 76' lang='grc' dir='ltr'><strong><em>ἕνεκεν</em></strong></span> <span class='ocrx_word' id='word_1_42' title='bbox 912 796 932 887; x_wconf 80' lang='grc' dir='ltr'><strong><em>ἢ</em></strong></span> <span class='ocrx_word' id='word_1_43' title='bbox 957 801 1027 869; x_wconf 81' lang='grc' dir='ltr'><strong><em>ἐπεὶ</em></strong></span> <span class='ocrx_word' id='word_1_44' title='bbox 1051 799 1148 888; x_wconf 87' lang='grc' dir='ltr'><strong><em>άρχη-</em></strong></span> 
     </span>
     <span class='ocr_line' id='line_1_7' title="bbox 130 903 1149 998; baseline 0 -21"><span class='ocrx_word' id='word_1_45' title='bbox 130 908 191 996; x_wconf 92' lang='grc' dir='ltr'><strong><em>γός</em></strong></span> <span class='ocrx_word' id='word_1_46' title='bbox 209 910 278 976; x_wconf 80' lang='grc' dir='ltr'><strong><em>ἐστι</em></strong></span> <span class='ocrx_word' id='word_1_47' title='bbox 292 909 350 994; x_wconf 80' lang='grc' dir='ltr'><strong><em>τῆς</em></strong></span> <span class='ocrx_word' id='word_1_48' title='bbox 364 903 495 992; x_wconf 82' lang='grc' dir='ltr'><strong><em>πρύτης</em></strong></span> <span class='ocrx_word' id='word_1_49' title='bbox 508 906 563 974; x_wconf 82' lang='grc' dir='ltr'><strong><em>καί</em></strong></span> <span class='ocrx_word' id='word_1_50' title='bbox 578 903 766 998; x_wconf 79' lang='grc' dir='ltr'><strong><em>ἀρχετύπου</em></strong></span> <span class='ocrx_word' id='word_1_51' title='bbox 780 907 918 992; x_wconf 89' lang='grc' dir='ltr'><strong><em>πόλεως,</em></strong></span> <span class='ocrx_word' id='word_1_52' title='bbox 937 910 997 975; x_wconf 84' lang='grc' dir='ltr'><strong><em>τοῦ</em></strong></span> <span class='ocrx_word' id='word_1_53' title='bbox 1011 909 1149 994; x_wconf 87' lang='grc' dir='ltr'><strong><em>κόσμου.</em></strong></span> 
     </span>
     <span class='ocr_line' id='line_1_8' title="bbox 130 1009 1150 1102; baseline -0.002 -19"><span class='ocrx_word' id='word_1_54' title='bbox 130 1019 259 1083; x_wconf 80' lang='grc' dir='ltr'><strong><em>κωόίαυ</em></strong></span> <span class='ocrx_word' id='word_1_55' title='bbox 279 1011 309 1080; x_wconf 77' lang='grc' dir='ltr'><strong><em>δ’</em></strong></span> <span class='ocrx_word' id='word_1_56' title='bbox 327 1011 549 1100; x_wconf 81' lang='grc' dir='ltr'><strong><em>άνατιθέοισιυ</em></strong></span> <span class='ocrx_word' id='word_1_57' title='bbox 567 1009 652 1102; x_wconf 72' lang='grc' dir='ltr'><strong><em>αὐτῇ</em></strong></span> <span class='ocrx_word' id='word_1_58' title='bbox 670 1012 891 1100; x_wconf 79' lang='grc' dir='ltr'><strong><em>παριστάντες</em></strong></span> <span class='ocrx_word' id='word_1_59' title='bbox 914 1011 965 1082; x_wconf 87' lang='grc' dir='ltr'><strong><em>ότι</em></strong></span> <span class='ocrx_word' id='word_1_60' title='bbox 985 1017 1073 1082; x_wconf 88' lang='grc' dir='ltr'><strong><em>αίτία</em></strong></span> <span class='ocrx_word' id='word_1_61' title='bbox 1091 1018 1150 1101; x_wconf 79' lang='grc' dir='ltr'><strong><em>τῆς</em></strong></span> 
     </span>
     <span class='ocr_line' id='line_1_9' title="bbox 132 1117 1151 1219; baseline 0 -29"><span class='ocrx_word' id='word_1_62' title='bbox 132 1126 313 1219; x_wconf 80' lang='grc' dir='ltr'><strong><em>ζωογονίας</em></strong></span> <span class='ocrx_word' id='word_1_63' title='bbox 344 1118 426 1206; x_wconf 78' lang='grc' dir='ltr'><strong><em>αὕτη</em></strong></span> <span class='ocrx_word' id='word_1_64' title='bbox 456 1120 594 1206; x_wconf 79' lang='grc' dir='ltr'><strong><em>ἐγένετο.</em></strong></span> <span class='ocrx_word' id='word_1_65' title='bbox 640 1117 723 1189; x_wconf 85' lang='grc' dir='ltr'><strong><em>κατά</em></strong></span> <span class='ocrx_word' id='word_1_66' title='bbox 750 1123 850 1190; x_wconf 78' lang='grc' dir='ltr'><strong><em>τοῦτο</em></strong></span> <span class='ocrx_word' id='word_1_67' title='bbox 881 1118 918 1187; x_wconf 73' lang='grc' dir='ltr'><strong><em>δὲ</em></strong></span> <span class='ocrx_word' id='word_1_68' title='bbox 945 1122 1000 1188; x_wconf 81' lang='grc' dir='ltr'><strong><em>καὶ</em></strong></span> <span class='ocrx_word' id='word_1_69' title='bbox 1028 1120 1151 1201; x_wconf 75' lang='grc' dir='ltr'><strong><em>ἄλλους</em></strong></span> 
     </span>
     <span class='ocr_line' id='line_1_10' title="bbox 131 1223 1152 1315; baseline -0.002 -20"><span class='ocrx_word' id='word_1_70' title='bbox 131 1226 225 1308; x_wconf 83' lang='grc' dir='ltr'><strong><em>τινάς</em></strong></span> <span class='ocrx_word' id='word_1_71' title='bbox 248 1225 374 1307; x_wconf 80' lang='grc' dir='ltr'><strong><em>τύπους</em></strong></span> <span class='ocrx_word' id='word_1_72' title='bbox 399 1225 473 1315; x_wconf 84' lang='grc' dir='ltr'><strong><em>περὶ</em></strong></span> <span class='ocrx_word' id='word_1_73' title='bbox 496 1251 534 1295; x_wconf 93' lang='grc' dir='ltr'><strong><em>το</em></strong></span> <span class='ocrx_word' id='word_1_74' title='bbox 563 1229 690 1312; x_wconf 81' lang='grc' dir='ltr'><strong><em>στῆθος</em></strong></span> <span class='ocrx_word' id='word_1_75' title='bbox 713 1223 816 1312; x_wconf 77' lang='grc' dir='ltr'><strong><em>αὐτῆς</em></strong></span> <span class='ocrx_word' id='word_1_76' title='bbox 838 1227 1080 1313; x_wconf 79' lang='grc' dir='ltr'><strong><em>περιτιθέασιν,</em></strong></span> <span class='ocrx_word' id='word_1_77' title='bbox 1106 1225 1152 1304; x_wconf 83' lang='grc' dir='ltr'><strong><em>ύς</em></strong></span> 
     </span>
     <span class='ocr_line' id='line_1_11' title="bbox 92 1330 1150 1420; baseline -0.004 -17"><span class='ocrx_word' id='word_1_78' title='bbox 92 1354 117 1395; x_wconf 84' lang='lat'><strong><em>1⁰</em></strong></span> <span class='ocrx_word' id='word_1_79' title='bbox 130 1337 190 1420; x_wconf 81' lang='grc' dir='ltr'><strong><em>τῆς</em></strong></span> <span class='ocrx_word' id='word_1_80' title='bbox 211 1337 280 1403; x_wconf 77' lang='grc' dir='ltr'><strong><em>τῶν</em></strong></span> <span class='ocrx_word' id='word_1_81' title='bbox 304 1331 415 1402; x_wconf 88' lang='grc' dir='ltr'><strong><em>όντων</em></strong></span> <span class='ocrx_word' id='word_1_82' title='bbox 433 1336 600 1413; x_wconf 78' lang='grc' dir='ltr'><strong><em>ποικιλίας</em></strong></span> <span class='ocrx_word' id='word_1_83' title='bbox 622 1333 678 1401; x_wconf 82' lang='grc' dir='ltr'><strong><em>καὶ</em></strong></span> <span class='ocrx_word' id='word_1_84' title='bbox 696 1330 820 1413; x_wconf 84' lang='grc' dir='ltr'><strong><em>παντὸς</em></strong></span> <span class='ocrx_word' id='word_1_85' title='bbox 838 1332 1006 1420; x_wconf 84' lang='grc' dir='ltr'><strong><em>χρήματος</em></strong></span> <span class='ocrx_word' id='word_1_86' title='bbox 1024 1330 1069 1400; x_wconf 74' lang='grc' dir='ltr'><strong><em>δι’</em></strong></span> <span class='ocrx_word' id='word_1_87' title='bbox 1092 1330 1150 1400; x_wconf 88' lang='grc' dir='ltr'><strong><em>αύ-</em></strong></span> 
     </span>
     <span class='ocr_line' id='line_1_12' title="bbox 130 1435 1151 1529; baseline -0.004 -19"><span class='ocrx_word' id='word_1_88' title='bbox 130 1446 189 1528; x_wconf 78' lang='grc' dir='ltr'><strong><em>τῆς</em></strong></span> <span class='ocrx_word' id='word_1_89' title='bbox 205 1438 393 1529; x_wconf 87' lang='grc' dir='ltr'><strong><em>γεγονότος.</em></strong></span> <span class='ocrx_word' id='word_1_90' title='bbox 420 1446 506 1510; x_wconf 85' lang='grc' dir='ltr'><strong><em>ἔοικε</em></strong></span> <span class='ocrx_word' id='word_1_91' title='bbox 526 1436 557 1508; x_wconf 77' lang='grc' dir='ltr'><strong><em>δ’</em></strong></span> <span class='ocrx_word' id='word_1_92' title='bbox 575 1437 731 1527; x_wconf 75' lang='grc' dir='ltr'><strong><em>αὕτηναί</em></strong></span> <span class='ocrx_word' id='word_1_93' title='bbox 751 1436 772 1526; x_wconf 79' lang='grc' dir='ltr'>ἡ</span> <span class='ocrx_word' id='word_1_94' title='bbox 791 1437 881 1528; x_wconf 81' lang='grc' dir='ltr'><strong><em>παρὰ</em></strong></span> <span class='ocrx_word' id='word_1_95' title='bbox 895 1437 1024 1529; x_wconf 82' lang='grc' dir='ltr'><strong><em>Σύροις</em></strong></span> <span class='ocrx_word' id='word_1_96' title='bbox 1039 1435 1151 1524; x_wconf 85' lang='grc' dir='ltr'><strong><em>Ἀταρ-</em></strong></span> 
     </span>
     <span class='ocr_line' id='line_1_13' title="bbox 129 1543 1152 1639; baseline -0.003 -23"><span class='ocrx_word' id='word_1_97' title='bbox 129 1547 224 1635; x_wconf 84' lang='grc' dir='ltr'><strong><em>γάτις</em></strong></span> <span class='ocrx_word' id='word_1_98' title='bbox 251 1545 355 1635; x_wconf 78' lang='grc' dir='ltr'><strong><em>εἶναι,</em></strong></span> <span class='ocrx_word' id='word_1_99' title='bbox 384 1543 429 1635; x_wconf 76' lang='grc' dir='ltr'><strong><em>ἣν</em></strong></span> <span class='ocrx_word' id='word_1_100' title='bbox 458 1549 514 1616; x_wconf 78' lang='grc' dir='ltr'><strong><em>καὶ</em></strong></span> <span class='ocrx_word' id='word_1_101' title='bbox 545 1546 602 1617; x_wconf 79' lang='grc' dir='ltr'><strong><em>διά</em></strong></span> <span class='ocrx_word' id='word_1_102' title='bbox 631 1551 694 1615; x_wconf 83' lang='grc' dir='ltr'><strong><em>τοῦ</em></strong></span> <span class='ocrx_word' id='word_1_103' title='bbox 721 1550 916 1636; x_wconf 86' lang='grc' dir='ltr'><strong><em>περιστεράς</em></strong></span> <span class='ocrx_word' id='word_1_104' title='bbox 946 1546 1001 1639; x_wconf 83' lang='grc' dir='ltr'><strong><em>καὶ</em></strong></span> <span class='ocrx_word' id='word_1_105' title='bbox 1032 1545 1152 1633; x_wconf 79' lang='grc' dir='ltr'><strong><em>ἰχθύος</em></strong></span> 
     </span>
     <span class='ocr_line' id='line_1_14' title="bbox 131 1651 1151 1743; baseline -0.003 -21"><span class='ocrx_word' id='word_1_106' title='bbox 131 1652 315 1743; x_wconf 78' lang='grc' dir='ltr'><strong><em>ἀπέχεσθαι</em></strong></span> <span class='ocrx_word' id='word_1_107' title='bbox 343 1658 477 1743; x_wconf 76' lang='grc' dir='ltr'><strong><em>τιμῶσι,</em></strong></span> <span class='ocrx_word' id='word_1_108' title='bbox 511 1659 730 1742; x_wconf 82' lang='grc' dir='ltr'><strong><em>σημαίνοντες</em></strong></span> <span class='ocrx_word' id='word_1_109' title='bbox 763 1651 814 1721; x_wconf 85' lang='grc' dir='ltr'><strong><em>ὅτι</em></strong></span> <span class='ocrx_word' id='word_1_110' title='bbox 845 1651 886 1720; x_wconf 86' lang='grc' dir='ltr'><strong><em>τά</em></strong></span> <span class='ocrx_word' id='word_1_111' title='bbox 917 1652 1060 1740; x_wconf 88' lang='grc' dir='ltr'><strong><em>μάλιστα</em></strong></span> <span class='ocrx_word' id='word_1_112' title='bbox 1093 1656 1151 1738; x_wconf 82' lang='grc' dir='ltr'><strong><em>θη-</em></strong></span> 
     </span>
     <span class='ocr_line' id='line_1_15' title="bbox 130 1757 1151 1848; baseline -0.004 -18"><span class='ocrx_word' id='word_1_113' title='bbox 130 1767 256 1837; x_wconf 84' lang='grc' dir='ltr'><strong><em>λοῦυτα</em></strong></span> <span class='ocrx_word' id='word_1_114' title='bbox 279 1761 341 1848; x_wconf 81' lang='grc' dir='ltr'><strong><em>τὴν</em></strong></span> <span class='ocrx_word' id='word_1_115' title='bbox 360 1765 418 1847; x_wconf 82' lang='grc' dir='ltr'><strong><em>τῆς</em></strong></span> <span class='ocrx_word' id='word_1_116' title='bbox 437 1758 554 1840; x_wconf 89' lang='grc' dir='ltr'><strong><em>ούσίας</em></strong></span> <span class='ocrx_word' id='word_1_117' title='bbox 573 1763 702 1848; x_wconf 80' lang='grc' dir='ltr'><strong><em>αἵρεσιν</em></strong></span> <span class='ocrx_word' id='word_1_118' title='bbox 723 1757 787 1848; x_wconf 81' lang='grc' dir='ltr'><strong><em>άὴρ</em></strong></span> <span class='ocrx_word' id='word_1_119' title='bbox 805 1759 862 1827; x_wconf 83' lang='grc' dir='ltr'><strong><em>καὶ</em></strong></span> <span class='ocrx_word' id='word_1_120' title='bbox 880 1757 983 1845; x_wconf 79' lang='grc' dir='ltr'><strong><em>ὕδωρ.</em></strong></span> <span class='ocrx_word' id='word_1_121' title='bbox 1020 1765 1151 1848; x_wconf 91' lang='grc' dir='ltr'><strong><em>Φρυγία</em></strong></span> 
     </span>
     <span class='ocr_line' id='line_1_16' title="bbox 91 1862 1151 1956; baseline -0.002 -21"><span class='ocrx_word' id='word_1_122' title='bbox 91 1887 118 1928; x_wconf 74' lang='lat'><strong><em>1⁵</em></strong></span> <span class='ocrx_word' id='word_1_123' title='bbox 131 1862 163 1935; x_wconf 78' lang='grc' dir='ltr'><strong><em>θ’</em></strong></span> <span class='ocrx_word' id='word_1_124' title='bbox 190 1870 284 1955; x_wconf 78' lang='grc' dir='ltr'><strong><em>ίθίως</em></strong></span> <span class='ocrx_word' id='word_1_125' title='bbox 307 1875 436 1956; x_wconf 87' lang='grc' dir='ltr'><strong><em>είρηται</em></strong></span> <span class='ocrx_word' id='word_1_126' title='bbox 460 1863 517 1933; x_wconf 76' lang='grc' dir='ltr'><strong><em>διὰ</em></strong></span> <span class='ocrx_word' id='word_1_127' title='bbox 538 1864 576 1934; x_wconf 86' lang='grc' dir='ltr'><strong><em>τό</em></strong></span> <span class='ocrx_word' id='word_1_128' title='bbox 597 1869 850 1955; x_wconf 73' lang='grc' dir='ltr'><strong><em>θρησκεύεσθαι</em></strong></span> <span class='ocrx_word' id='word_1_129' title='bbox 868 1862 957 1955; x_wconf 84' lang='grc' dir='ltr'><strong><em>παρά</em></strong></span> <span class='ocrx_word' id='word_1_130' title='bbox 975 1879 1046 1946; x_wconf 81' lang='grc' dir='ltr'><strong><em>τοῖς</em></strong></span> <span class='ocrx_word' id='word_1_131' title='bbox 1062 1873 1151 1950; x_wconf 89' lang='grc' dir='ltr'><strong><em>Φρυ-</em></strong></span> 
     </span>
     <span class='ocr_line' id='line_1_17' title="bbox 131 1967 1152 2061; baseline -0.002 -21"><span class='ocrx_word' id='word_1_132' title='bbox 131 1973 183 2055; x_wconf 83' lang='grc' dir='ltr'><strong><em>ξὶν</em></strong></span> <span class='ocrx_word' id='word_1_133' title='bbox 212 1972 348 2061; x_wconf 80' lang='grc' dir='ltr'><strong><em>ἐξόχως,</em></strong></span> <span class='ocrx_word' id='word_1_134' title='bbox 378 1969 456 2059; x_wconf 67' lang='grc' dir='ltr'><strong><em>παρ’</em></strong></span> <span class='ocrx_word' id='word_1_135' title='bbox 489 1967 539 2052; x_wconf 87' lang='grc' dir='ltr'><strong><em>οἷς</em></strong></span> <span class='ocrx_word' id='word_1_136' title='bbox 567 1973 624 2040; x_wconf 82' lang='grc' dir='ltr'><strong><em>καὶ</em></strong></span> <span class='ocrx_word' id='word_1_137' title='bbox 653 1970 675 2060; x_wconf 82' lang='grc' dir='ltr'><em>ἡ</em></span> <span class='ocrx_word' id='word_1_138' title='bbox 705 1977 773 2042; x_wconf 77' lang='grc' dir='ltr'><strong><em>τῶν</em></strong></span> <span class='ocrx_word' id='word_1_139' title='bbox 806 1970 940 2060; x_wconf 92' lang='grc' dir='ltr'><strong><em>γάλλων</em></strong></span> <span class='ocrx_word' id='word_1_140' title='bbox 970 1971 1152 2040; x_wconf 79' lang='grc' dir='ltr'><strong><em>ἐπεπόλασε</em></strong></span> 
     </span>
     <span class='ocr_line' id='line_1_18' title="bbox 130 2076 1151 2167; baseline -0.004 -19"><span class='ocrx_word' id='word_1_141' title='bbox 130 2085 294 2167; x_wconf 82' lang='grc' dir='ltr'><strong><em>παρεθρία</em></strong></span> <span class='ocrx_word' id='word_1_142' title='bbox 324 2079 408 2166; x_wconf 87' lang='grc' dir='ltr'><strong><em>τάχα</em></strong></span> <span class='ocrx_word' id='word_1_143' title='bbox 438 2103 470 2146; x_wconf 95' lang='grc' dir='ltr'><strong><em>τι</em></strong></span> <span class='ocrx_word' id='word_1_144' title='bbox 498 2084 656 2148; x_wconf 84' lang='grc' dir='ltr'><strong><em>τοιοῦτον</em></strong></span> <span class='ocrx_word' id='word_1_145' title='bbox 687 2080 914 2167; x_wconf 81' lang='grc' dir='ltr'><strong><em>ἐμφαίνουσα,</em></strong></span> <span class='ocrx_word' id='word_1_146' title='bbox 946 2076 1065 2146; x_wconf 82' lang='grc' dir='ltr'><strong><em>ὁποῖον</em></strong></span> <span class='ocrx_word' id='word_1_147' title='bbox 1095 2078 1151 2145; x_wconf 80' lang='grc' dir='ltr'><strong><em>καὶ</em></strong></span> 
     </span>
     <span class='ocr_line' id='line_1_19' title="bbox 130 2183 1150 2275; baseline -0.003 -21"><span class='ocrx_word' id='word_1_148' title='bbox 130 2183 219 2274; x_wconf 82' lang='grc' dir='ltr'><strong><em>παρὰ</em></strong></span> <span class='ocrx_word' id='word_1_149' title='bbox 241 2198 312 2266; x_wconf 85' lang='grc' dir='ltr'><strong><em>τοίς</em></strong></span> <span class='ocrx_word' id='word_1_150' title='bbox 326 2183 466 2271; x_wconf 84' lang='grc' dir='ltr'><strong><em>Ἕλλησι</em></strong></span> <span class='ocrx_word' id='word_1_151' title='bbox 489 2186 565 2273; x_wconf 79' lang='grc' dir='ltr'><strong><em>περί</em></strong></span> <span class='ocrx_word' id='word_1_152' title='bbox 587 2189 646 2272; x_wconf 78' lang='grc' dir='ltr'><strong><em>τῆς</em></strong></span> <span class='ocrx_word' id='word_1_153' title='bbox 668 2189 729 2254; x_wconf 84' lang='grc' dir='ltr'><strong><em>τοῦ</em></strong></span> <span class='ocrx_word' id='word_1_154' title='bbox 750 2183 910 2275; x_wconf 82' lang='grc' dir='ltr'><strong><em>Οὐρανοῦ</em></strong></span> <span class='ocrx_word' id='word_1_155' title='bbox 935 2186 1074 2270; x_wconf 81' lang='grc' dir='ltr'><strong><em>ἐκτομῆς</em></strong></span> <span class='ocrx_word' id='word_1_156' title='bbox 1097 2211 1150 2271; x_wconf 87' lang='grc' dir='ltr'><strong><em>με·</em></strong></span> 
     </span>
     <span class='ocr_line' id='line_1_20' title="bbox 130 2293 445 2382; baseline -0.013 -20"><span class='ocrx_word' id='word_1_157' title='bbox 130 2293 306 2381; x_wconf 89' lang='grc' dir='ltr'><strong><em>μύθευται.</em></strong></span> <span class='ocrx_word' id='word_1_158' title='bbox 442 2379 445 2382; x_wconf 20' lang='lat'><em>⁴</em></span> 
     </span>
     <span class='ocr_line' id='line_1_21' title="bbox 91 2395 1151 2487; baseline -0.006 -17"><span class='ocrx_word' id='word_1_159' title='bbox 91 2421 119 2461; x_wconf 76' lang='lat'><strong><em>20</em></strong></span> <span class='ocrx_word' id='word_1_160' title='bbox 199 2403 345 2487; x_wconf 76' lang='grc' dir='ltr'><strong><em>Πρῶτον</em></strong></span> <span class='ocrx_word' id='word_1_161' title='bbox 369 2399 431 2487; x_wconf 68' lang='grc' dir='ltr'><strong><em>μὲν,</em></strong></span> <span class='ocrx_word' id='word_1_162' title='bbox 453 2398 518 2486; x_wconf 83' lang='grc' dir='ltr'><strong><em>γὰρ</em></strong></span> <span class='ocrx_word' id='word_1_163' title='bbox 542 2395 560 2466; x_wconf 85' lang='grc' dir='ltr'>ὁ</span> <span class='ocrx_word' id='word_1_164' title='bbox 585 2397 720 2487; x_wconf 85' lang='grc' dir='ltr'><strong><em>Κρόνος</em></strong></span> <span class='ocrx_word' id='word_1_165' title='bbox 743 2398 872 2484; x_wconf 82' lang='grc' dir='ltr'><strong><em>λέγεται</em></strong></span> <span class='ocrx_word' id='word_1_166' title='bbox 895 2401 1089 2464; x_wconf 88' lang='grc' dir='ltr'><strong><em>καταπίνειν</em></strong></span> <span class='ocrx_word' id='word_1_167' title='bbox 1111 2396 1151 2464; x_wconf 85' lang='grc' dir='ltr'><strong><em>τά</em></strong></span> 
     </span>
     <span class='ocr_line' id='line_1_22' title="bbox 132 2550 1151 2631; baseline -0.005 -15"><span class='ocrx_word' id='word_1_168' title='bbox 132 2563 248 2617; x_wconf 76' lang='lat' dir='ltr'>conatus</span> <span class='ocrx_word' id='word_1_169' title='bbox 268 2564 322 2616; x_wconf 80' lang='lat' dir='ltr'>est:</span> <span class='ocrx_word' id='word_1_170' title='bbox 348 2561 460 2629; x_wconf 77' lang='grc' dir='ltr'><strong><em>πρῶτον</em></strong></span> <span class='ocrx_word' id='word_1_171' title='bbox 480 2557 532 2631; x_wconf 68' lang='grc' dir='ltr'><strong><em>μὲν</em></strong></span> <span class='ocrx_word' id='word_1_172' title='bbox 551 2557 649 2614; x_wconf 80' lang='grc' dir='ltr'><strong><em>ίθαίαν</em></strong></span> <span class='ocrx_word' id='word_1_173' title='bbox 667 2550 811 2613; x_wconf 83' lang='grc' dir='ltr'><strong><em>τουτέστιν</em></strong></span> <span class='ocrx_word' id='word_1_174' title='bbox 831 2551 930 2625; x_wconf 87' lang='grc' dir='ltr'><strong><em>ὀρείαν</em></strong></span> <span class='ocrx_word' id='word_1_175' title='bbox 953 2551 1045 2624; x_wconf 79' lang='grc' dir='ltr'><strong><em>αύτὴν</em></strong></span> <span class='ocrx_word' id='word_1_176' title='bbox 1066 2575 1151 2626; x_wconf 89' lang='grc' dir='ltr'><strong><em>προσ-</em></strong></span> 
     </span>
     <span class='ocr_line' id='line_1_23' title="bbox 131 2622 1151 2704; baseline -0.004 -17"><span class='ocrx_word' id='word_1_177' title='bbox 131 2628 482 2704; x_wconf 18' lang='grc' dir='ltr'><strong><em>αγορεύοντεςιμετέωρου</em></strong></span> <span class='ocrx_word' id='word_1_178' title='bbox 506 2627 571 2700; x_wconf 87' lang='grc' dir='ltr'><strong><em>όρος</em></strong></span> <span class='ocrx_word' id='word_1_179' title='bbox 594 2624 609 2684; x_wconf 80' lang='grc' dir='ltr'>ὃ</span> <span class='ocrx_word' id='word_1_180' title='bbox 630 2629 688 2698; x_wconf 77' lang='lat' dir='ltr'><strong>(vel</strong></span> <span class='ocrx_word' id='word_1_181' title='bbox 705 2622 788 2696; x_wconf 75' lang='grc' dir='ltr'><strong><em>ὅθεν)</em></strong></span> <span class='ocrx_word' id='word_1_182' title='bbox 812 2624 960 2698; x_wconf 85' lang='grc' dir='ltr'><strong><em>μακρόθεν</em></strong></span> <span class='ocrx_word' id='word_1_183' title='bbox 980 2625 1056 2682; x_wconf 78' lang='grc' dir='ltr'><strong><em>ἔστιν</em></strong></span> <span class='ocrx_word' id='word_1_184' title='bbox 1079 2627 1151 2683; x_wconf 78' lang='grc' dir='ltr'><strong><em>ίθεῖν</em></strong></span> 
     </span>
     <span class='ocr_line' id='line_1_24' title="bbox 132 2694 1155 2772; baseline -0.004 -14"><span class='ocrx_word' id='word_1_185' title='bbox 132 2698 205 2772; x_wconf 73' lang='grc' dir='ltr'><strong><em>αὐτῇ</em></strong></span> <span class='ocrx_word' id='word_1_186' title='bbox 231 2697 419 2772; x_wconf 68' lang='grc' dir='ltr'><strong><em>ἐπωνόμασαν</em></strong></span> <span class='ocrx_word' id='word_1_187' title='bbox 439 2733 473 2742; x_wconf 92' lang='lat'>-</span> <span class='ocrx_word' id='word_1_188' title='bbox 497 2707 522 2756; x_wconf 78' lang='lat'><strong><em>2.</em></strong></span> <span class='ocrx_word' id='word_1_189' title='bbox 541 2696 614 2770; x_wconf 87' lang='grc' dir='ltr'><strong><em>τάχα</em></strong></span> <span class='ocrx_word' id='word_1_190' title='bbox 637 2697 670 2755; x_wconf 69' lang='grc' dir='ltr'><strong><em>δὲ</em></strong></span> <span class='ocrx_word' id='word_1_191' title='bbox 690 2699 739 2754; x_wconf 82' lang='grc' dir='ltr'><strong><em>καὶ</em></strong></span> <span class='ocrx_word' id='word_1_192' title='bbox 763 2694 825 2754; x_wconf 76' lang='grc' dir='ltr'><strong><em>ἐπεὶ</em></strong></span> <span class='ocrx_word' id='word_1_193' title='bbox 844 2716 862 2753; x_wconf 87' lang='lat' dir='ltr'><strong><em>a</em></strong></span> <span class='ocrx_word' id='word_1_194' title='bbox 880 2694 952 2768; x_wconf 88' lang='grc' dir='ltr'><strong><em>τάχα</em></strong></span> <span class='ocrx_word' id='word_1_195' title='bbox 971 2698 1020 2753; x_wconf 77' lang='grc' dir='ltr'><strong><em>καὶ</em></strong></span> <span class='ocrx_word' id='word_1_196' title='bbox 1041 2695 1103 2754; x_wconf 76' lang='grc' dir='ltr'><strong><em>ἐπεὶ</em></strong></span> <span class='ocrx_word' id='word_1_197' title='bbox 1121 2700 1155 2754; x_wconf 88' lang='lat' dir='ltr'><strong><em>N</em></strong></span> 
     </span>
     <span class='ocr_line' id='line_1_25' title="bbox 131 2767 1151 2842; baseline -0.004 -14"><span class='ocrx_word' id='word_1_198' title='bbox 131 2794 155 2828; x_wconf 91' lang='grc' dir='ltr'><strong><em>τ.</em></strong></span> <span class='ocrx_word' id='word_1_199' title='bbox 175 2768 238 2828; x_wconf 76' lang='grc' dir='ltr'><strong><em>ἐπεὶ</em></strong></span> <span class='ocrx_word' id='word_1_200' title='bbox 256 2772 305 2827; x_wconf 81' lang='grc' dir='ltr'><strong><em>καί</em></strong></span> <span class='ocrx_word' id='word_1_201' title='bbox 323 2769 346 2827; x_wconf 78' lang='lat' dir='ltr'><strong><em>b&#39;</em></strong></span> <span class='ocrx_word' id='word_1_202' title='bbox 366 2768 439 2842; x_wconf 88' lang='grc' dir='ltr'><strong><em>τάχα</em></strong></span> <span class='ocrx_word' id='word_1_203' title='bbox 458 2767 487 2826; x_wconf 82' lang='grc' dir='ltr'><strong><em>θ’</em></strong></span> <span class='ocrx_word' id='word_1_204' title='bbox 504 2768 567 2827; x_wconf 75' lang='grc' dir='ltr'><strong><em>ἐπεὶ</em></strong></span> <span class='ocrx_word' id='word_1_205' title='bbox 585 2771 635 2826; x_wconf 80' lang='grc' dir='ltr'><strong><em>καί</em></strong></span> <span class='ocrx_word' id='word_1_206' title='bbox 653 2788 668 2826; x_wconf 84' lang='grc' dir='ltr'><strong><em>ο</em></strong></span> <span class='ocrx_word' id='word_1_207' title='bbox 687 2801 721 2811; x_wconf 95' lang='lat'>-</span> <span class='ocrx_word' id='word_1_208' title='bbox 740 2776 764 2824; x_wconf 83' lang='lat'><strong><em>3.</em></strong></span> <span class='ocrx_word' id='word_1_209' title='bbox 781 2777 805 2825; x_wconf 86' lang='lat'><strong><em>4.</em></strong></span> <span class='ocrx_word' id='word_1_210' title='bbox 825 2767 970 2841; x_wconf 85' lang='grc' dir='ltr'><strong><em>πνργωτὸς</em></strong></span> <span class='ocrx_word' id='word_1_211' title='bbox 989 2812 995 2824; x_wconf 88' lang='grc'><strong>.</strong></span> <span class='ocrx_word' id='word_1_212' title='bbox 1015 2813 1021 2826; x_wconf 92' lang='grc'><strong>.</strong></span> <span class='ocrx_word' id='word_1_213' title='bbox 1047 2770 1151 2839; x_wconf 80' lang='grc' dir='ltr'><strong><em>στέφα-</em></strong></span> 
     </span>
     <span class='ocr_line' id='line_1_26' title="bbox 131 2837 1149 2913; baseline -0.004 -14"><span class='ocrx_word' id='word_1_214' title='bbox 131 2864 180 2907; x_wconf 87' lang='grc' dir='ltr'><strong><em>νος</em></strong></span> <span class='ocrx_word' id='word_1_215' title='bbox 193 2845 222 2898; x_wconf 87' lang='grc' dir='ltr'><strong><em>Β</em></strong></span> <span class='ocrx_word' id='word_1_216' title='bbox 241 2875 275 2884; x_wconf 91' lang='grc'><strong>-</strong></span> <span class='ocrx_word' id='word_1_217' title='bbox 294 2849 319 2899; x_wconf 83' lang='grc'><strong><em>6.</em></strong></span> <span class='ocrx_word' id='word_1_218' title='bbox 338 2839 448 2912; x_wconf 78' lang='grc' dir='ltr'><strong><em>πραότης</em></strong></span> <span class='ocrx_word' id='word_1_219' title='bbox 467 2863 492 2898; x_wconf 91' lang='grc' dir='ltr'><strong><em>κ.</em></strong></span> <span class='ocrx_word' id='word_1_220' title='bbox 512 2839 672 2913; x_wconf 81' lang='grc' dir='ltr'><strong><em>άρχίτυπου</em></strong></span> <span class='ocrx_word' id='word_1_221' title='bbox 692 2839 799 2904; x_wconf 86' lang='grc' dir='ltr'><strong><em>πόλεως</em></strong></span> <span class='ocrx_word' id='word_1_222' title='bbox 817 2842 939 2909; x_wconf 73' lang='lat' dir='ltr'><strong>(comma</strong></span> <span class='ocrx_word' id='word_1_223' title='bbox 957 2844 1023 2912; x_wconf 71' lang='lat' dir='ltr'><strong>post</strong></span> <span class='ocrx_word' id='word_1_224' title='bbox 1041 2837 1149 2904; x_wconf 86' lang='grc' dir='ltr'><strong><em>πόλεως</em></strong></span> 
     </span>
     <span class='ocr_line' id='line_1_27' title="bbox 131 2907 1151 2986; baseline -0.004 -16"><span class='ocrx_word' id='word_1_225' title='bbox 131 2916 227 2986; x_wconf 51' lang='lat' dir='ltr'>posui&amp;</span> <span class='ocrx_word' id='word_1_226' title='bbox 249 2915 341 2984; x_wconf 75' lang='lat' dir='ltr'><strong><em>Lany)</em></strong></span> <span class='ocrx_word' id='word_1_227' title='bbox 365 2915 404 2970; x_wconf 80' lang='lat' dir='ltr'><strong><em>ab</em></strong></span> <span class='ocrx_word' id='word_1_228' title='bbox 427 2934 474 2983; x_wconf 89' lang='grc' dir='ltr'><strong><em>πρ.</em></strong></span> <span class='ocrx_word' id='word_1_229' title='bbox 492 2935 517 2970; x_wconf 83' lang='grc' dir='ltr'><strong><em>κ,</em></strong></span> <span class='ocrx_word' id='word_1_230' title='bbox 541 2932 568 2969; x_wconf 90' lang='grc' dir='ltr'><strong><em>α.</em></strong></span> <span class='ocrx_word' id='word_1_231' title='bbox 587 2909 718 2976; x_wconf 87' lang='grc' dir='ltr'><strong><em>ούσίαςο</em></strong></span> <span class='ocrx_word' id='word_1_232' title='bbox 740 2907 851 2982; x_wconf 85' lang='grc' dir='ltr'><strong><em>πράτης</em></strong></span> <span class='ocrx_word' id='word_1_233' title='bbox 875 2912 912 2984; x_wconf 89' lang='grc' dir='ltr'><strong><em>[κ.</em></strong></span> <span class='ocrx_word' id='word_1_234' title='bbox 930 2916 977 2982; x_wconf 82' lang='grc' dir='ltr'><strong><em>α]</em></strong></span> <span class='ocrx_word' id='word_1_235' title='bbox 1002 2909 1151 2973; x_wconf 83' lang='grc' dir='ltr'><strong><em>τυπάσεως</em></strong></span> 
     </span>
     <span class='ocr_line' id='line_1_28' title="bbox 133 2983 1152 3055; baseline -0.007 -12"><span class='ocrx_word' id='word_1_236' title='bbox 133 2986 221 3043; x_wconf 69' lang='grc' dir='ltr'><strong><em>θοίνην.</em></strong></span> <span class='ocrx_word' id='word_1_237' title='bbox 247 3017 280 3026; x_wconf 90' lang='grc'>-</span> <span class='ocrx_word' id='word_1_238' title='bbox 304 2991 328 3040; x_wconf 75' lang='grc'><strong><em>1.</em></strong></span> <span class='ocrx_word' id='word_1_239' title='bbox 352 2987 460 3041; x_wconf 81' lang='grc' dir='ltr'><strong><em>κωθίαν</em></strong></span> <span class='ocrx_word' id='word_1_240' title='bbox 485 2985 619 3055; x_wconf 80' lang='lat' dir='ltr'><strong>„quidam</strong></span> <span class='ocrx_word' id='word_1_241' title='bbox 642 2985 792 3054; x_wconf 66' lang='grc' dir='ltr'><strong><em>(οοᾰὶοεεῖ)</em></strong></span> <span class='ocrx_word' id='word_1_242' title='bbox 815 2985 996 3054; x_wconf 71' lang='lat' dir='ltr'><strong>praeferunt“</strong></span> <span class='ocrx_word' id='word_1_243' title='bbox 1018 2983 1152 3038; x_wconf 71' lang='lat' dir='ltr'><em>Villoison</em></span> 
     </span>
     <span class='ocr_line' id='line_1_29' title="bbox 132 3050 1150 3146; baseline -0.006 -34"><span class='ocrx_word' id='word_1_244' title='bbox 132 3060 255 3146; x_wconf 65' lang='grc' dir='ltr'><strong><em>καρδίαν</em></strong></span> <span class='ocrx_word' id='word_1_245' title='bbox 274 3059 403 3145; x_wconf 75' lang='grc' dir='ltr'><strong><em>(κορὸίριν</em></strong></span> <span class='ocrx_word' id='word_1_246' title='bbox 417 3057 489 3146; x_wconf 75' lang='lat' dir='ltr'><strong><em>L)0</em></strong></span> <span class='ocrx_word' id='word_1_247' title='bbox 507 3088 542 3098; x_wconf 90' lang='lat'><em>-</em></span> <span class='ocrx_word' id='word_1_248' title='bbox 562 3063 604 3113; x_wconf 91' lang='lat'><strong><em>10.</em></strong></span> <span class='ocrx_word' id='word_1_249' title='bbox 623 3053 768 3146; x_wconf 68' lang='grc' dir='ltr'><strong><em>χρώματος</em></strong></span> <span class='ocrx_word' id='word_1_250' title='bbox 782 3072 844 3111; x_wconf 87' lang='grc' dir='ltr'><strong><em>ο-</em></strong></span> <span class='ocrx_word' id='word_1_251' title='bbox 861 3062 901 3110; x_wconf 87' lang='grc'><strong><em>10.</em></strong></span> <span class='ocrx_word' id='word_1_252' title='bbox 918 3062 960 3111; x_wconf 85' lang='grc'><strong><em>11.</em></strong></span> <span class='ocrx_word' id='word_1_253' title='bbox 975 3050 1015 3109; x_wconf 73' lang='grc' dir='ltr'><strong><em>δι’</em></strong></span> <span class='ocrx_word' id='word_1_254' title='bbox 1032 3050 1121 3121; x_wconf 75' lang='grc' dir='ltr'><strong><em>αὐτῆς</em></strong></span> <span class='ocrx_word' id='word_1_255' title='bbox 1135 3054 1150 3107; x_wconf 88' lang='lat' dir='ltr'><em>b</em></span> 
     </span>
     <span class='ocr_line' id='line_1_30' title="bbox 134 3123 1151 3201; baseline -0.007 -17"><span class='ocrx_word' id='word_1_256' title='bbox 134 3130 163 3184; x_wconf 76' lang='grc' dir='ltr'><strong><em>δι</em></strong></span> <span class='ocrx_word' id='word_1_257' title='bbox 187 3149 278 3199; x_wconf 86' lang='grc' dir='ltr'><strong><em>αντην</em></strong></span> <span class='ocrx_word' id='word_1_258' title='bbox 292 3146 311 3184; x_wconf 88' lang='lat' dir='ltr'><strong><em>a</em></strong></span> <span class='ocrx_word' id='word_1_259' title='bbox 324 3129 392 3201; x_wconf 74' lang='grc' dir='ltr'><strong><em>[δι]</em></strong></span> <span class='ocrx_word' id='word_1_260' title='bbox 412 3148 501 3198; x_wconf 88' lang='grc' dir='ltr'><strong><em>αντης</em></strong></span> <span class='ocrx_word' id='word_1_261' title='bbox 514 3145 529 3183; x_wconf 92' lang='grc' dir='ltr'><strong><em>ο</em></strong></span> <span class='ocrx_word' id='word_1_262' title='bbox 547 3123 577 3193; x_wconf 82' lang='grc' dir='ltr'><strong><em>ἒξ</em></strong></span> <span class='ocrx_word' id='word_1_263' title='bbox 595 3147 683 3196; x_wconf 86' lang='grc' dir='ltr'><strong><em>αυτης</em></strong></span> <span class='ocrx_word' id='word_1_264' title='bbox 699 3127 742 3183; x_wconf 76' lang='lat' dir='ltr'><strong><em>Os.</em></strong></span> <span class='ocrx_word' id='word_1_265' title='bbox 753 3129 793 3183; x_wconf 77' lang='lat' dir='ltr'><strong><em>ed.</em></strong></span> <span class='ocrx_word' id='word_1_266' title='bbox 809 3159 842 3168; x_wconf 97' lang='lat'><em>-</em></span> <span class='ocrx_word' id='word_1_267' title='bbox 863 3134 905 3181; x_wconf 90' lang='grc'><strong><em>11.</em></strong></span> <span class='ocrx_word' id='word_1_268' title='bbox 924 3126 1075 3195; x_wconf 85' lang='grc' dir='ltr'><strong><em>γεγονυίας</em></strong></span> <span class='ocrx_word' id='word_1_269' title='bbox 1088 3140 1103 3178; x_wconf 89' lang='grc' dir='ltr'><strong><em>ο</em></strong></span> <span class='ocrx_word' id='word_1_270' title='bbox 1117 3153 1151 3164; x_wconf 90' lang='grc'>-</span> 
     </span>
     <span class='ocr_line' id='line_1_31' title="bbox 132 3189 1150 3272; baseline -0.008 -16"><span class='ocrx_word' id='word_1_271' title='bbox 132 3194 205 3272; x_wconf 73' lang='grc' dir='ltr'><strong><em>αὕτη</em></strong></span> <span class='ocrx_word' id='word_1_272' title='bbox 220 3218 239 3256; x_wconf 87' lang='grc' dir='ltr'><strong><em>α</em></strong></span> <span class='ocrx_word' id='word_1_273' title='bbox 257 3196 328 3270; x_wconf 79' lang='grc' dir='ltr'><strong><em>αύτὴ</em></strong></span> <span class='ocrx_word' id='word_1_274' title='bbox 346 3200 372 3255; x_wconf 77' lang='grc' dir='ltr'><strong><em>θ</em></strong></span> <span class='ocrx_word' id='word_1_275' title='bbox 389 3194 407 3268; x_wconf 84' lang='grc' dir='ltr'><em>ἡ</em></span> <span class='ocrx_word' id='word_1_276' title='bbox 427 3196 499 3270; x_wconf 83' lang='grc' dir='ltr'><strong><em>αύτὴ</em></strong></span> <span class='ocrx_word' id='word_1_277' title='bbox 515 3199 550 3256; x_wconf 87' lang='lat' dir='ltr'><em>N</em></span> <span class='ocrx_word' id='word_1_278' title='bbox 550 3200 598 3255; x_wconf 88' lang='grc' dir='ltr'><strong><em>Βο</em></strong></span> <span class='ocrx_word' id='word_1_279' title='bbox 616 3229 649 3241; x_wconf 90' lang='grc'>-</span> <span class='ocrx_word' id='word_1_280' title='bbox 670 3204 711 3254; x_wconf 92' lang='lat'><strong><em>11.</em></strong></span> <span class='ocrx_word' id='word_1_281' title='bbox 730 3205 772 3255; x_wconf 80' lang='lat'><strong><em>12.</em></strong></span> <span class='ocrx_word' id='word_1_282' title='bbox 792 3193 945 3267; x_wconf 81' lang='grc' dir='ltr'><strong><em>άταργόιτις</em></strong></span> <span class='ocrx_word' id='word_1_283' title='bbox 959 3196 1022 3250; x_wconf 89' lang='lat' dir='ltr'><strong><em>NB</em></strong></span> <span class='ocrx_word' id='word_1_284' title='bbox 1040 3189 1150 3264; x_wconf 84' lang='grc' dir='ltr'><strong><em>άρταγά</em></strong></span> 
     </span>
     <span class='ocr_line' id='line_1_32' title="bbox 132 3263 1151 3342; baseline -0.008 -15"><span class='ocrx_word' id='word_1_285' title='bbox 132 3272 180 3328; x_wconf 86' lang='lat' dir='ltr'><strong><em>vel</em></strong></span> <span class='ocrx_word' id='word_1_286' title='bbox 195 3267 304 3342; x_wconf 80' lang='grc' dir='ltr'><strong><em>άρτογὰ</em></strong></span> <span class='ocrx_word' id='word_1_287' title='bbox 318 3288 333 3328; x_wconf 86' lang='grc' dir='ltr'><strong><em>ο</em></strong></span> <span class='ocrx_word' id='word_1_288' title='bbox 347 3303 380 3312; x_wconf 97' lang='grc'>-</span> <span class='ocrx_word' id='word_1_289' title='bbox 401 3277 443 3326; x_wconf 79' lang='lat'><strong><em>12,</em></strong></span> <span class='ocrx_word' id='word_1_290' title='bbox 463 3266 512 3326; x_wconf 73' lang='grc' dir='ltr'><strong><em>διὰ</em></strong></span> <span class='ocrx_word' id='word_1_291' title='bbox 531 3270 582 3325; x_wconf 80' lang='grc' dir='ltr'><strong><em>τοῦ</em></strong></span> <span class='ocrx_word' id='word_1_292' title='bbox 602 3288 671 3326; x_wconf 85' lang='lat' dir='ltr'>corr.</span> <span class='ocrx_word' id='word_1_293' title='bbox 690 3270 720 3324; x_wconf 90' lang='lat' dir='ltr'><strong><em>in</em></strong></span> <span class='ocrx_word' id='word_1_294' title='bbox 738 3266 787 3324; x_wconf 80' lang='grc' dir='ltr'><strong><em>διά</em></strong></span> <span class='ocrx_word' id='word_1_295' title='bbox 806 3266 886 3323; x_wconf 85' lang='grc' dir='ltr'><strong><em>τὸΝ</em></strong></span> <span class='ocrx_word' id='word_1_296' title='bbox 901 3263 949 3322; x_wconf 78' lang='grc' dir='ltr'><strong><em>διὰ</em></strong></span> <span class='ocrx_word' id='word_1_297' title='bbox 969 3267 1020 3321; x_wconf 84' lang='grc' dir='ltr'><strong><em>τού</em></strong></span> <span class='ocrx_word' id='word_1_298' title='bbox 1035 3266 1065 3320; x_wconf 87' lang='lat' dir='ltr'><strong><em>in</em></strong></span> <span class='ocrx_word' id='word_1_299' title='bbox 1078 3283 1151 3320; x_wconf 81' lang='lat' dir='ltr'><strong>mar·</strong></span> 
     </span>
     <span class='ocr_line' id='line_1_33' title="bbox 133 3333 1151 3414; baseline -0.007 -17"><span class='ocrx_word' id='word_1_300' title='bbox 133 3344 202 3414; x_wconf 76' lang='lat' dir='ltr'><strong>gine‘</strong></span> <span class='ocrx_word' id='word_1_301' title='bbox 218 3343 244 3397; x_wconf 87' lang='lat' dir='ltr'><strong><em>V</em></strong></span> <span class='ocrx_word' id='word_1_302' title='bbox 274 3339 323 3398; x_wconf 78' lang='grc' dir='ltr'><strong><em>θεά</em></strong></span> <span class='ocrx_word' id='word_1_303' title='bbox 341 3343 423 3398; x_wconf 78' lang='grc' dir='ltr'><strong><em>τοῦτο</em></strong></span> <span class='ocrx_word' id='word_1_304' title='bbox 445 3342 477 3397; x_wconf 88' lang='grc' dir='ltr'>Χ</span> <span class='ocrx_word' id='word_1_305' title='bbox 494 3338 542 3397; x_wconf 78' lang='grc' dir='ltr'><strong><em>διά</em></strong></span> <span class='ocrx_word' id='word_1_306' title='bbox 562 3339 593 3397; x_wconf 88' lang='grc' dir='ltr'><strong><em>τὸ</em></strong></span> <span class='ocrx_word' id='word_1_307' title='bbox 614 3344 679 3397; x_wconf 70' lang='lat' dir='ltr'><strong>cett.</strong></span> <span class='ocrx_word' id='word_1_308' title='bbox 700 3372 733 3382; x_wconf 93' lang='lat'>-</span> <span class='ocrx_word' id='word_1_309' title='bbox 754 3347 794 3396; x_wconf 83' lang='lat'><strong><em>14.</em></strong></span> <span class='ocrx_word' id='word_1_310' title='bbox 815 3340 923 3408; x_wconf 78' lang='grc' dir='ltr'><strong><em>αἵρεσιν</em></strong></span> <span class='ocrx_word' id='word_1_311' title='bbox 943 3338 967 3393; x_wconf 90' lang='grc'><strong><em>0</em></strong></span> <span class='ocrx_word' id='word_1_312' title='bbox 990 3333 1087 3407; x_wconf 73' lang='grc' dir='ltr'><strong><em>όεῦσιν</em></strong></span> <span class='ocrx_word' id='word_1_313' title='bbox 1106 3336 1151 3393; x_wconf 89' lang='lat' dir='ltr'><strong><em>vel</em></strong></span> 
     </span>
    </p>
   </div>
   <div class='ocr_carea' id='block_1_3' title="bbox 61 3382 1152 3556">
    <p class='ocr_par' dir='ltr' id='par_1_3' title="bbox 61 3382 1152 3556">
     <span class='ocr_line' id='line_1_34' title="bbox 61 3382 1152 3495; baseline -0.005 -27"><span class='ocrx_word' id='word_1_314' title='bbox 61 3428 64 3437; x_wconf 84' lang='lat'>&#39;</span> <span class='ocrx_word' id='word_1_315' title='bbox 132 3414 235 3483; x_wconf 81' lang='grc' dir='ltr'><strong><em>κρᾶσιν</em></strong></span> <span class='ocrx_word' id='word_1_316' title='bbox 242 3382 430 3486; x_wconf 60' lang='grc' dir='ltr'><strong><em>1ίλίγίίονιίιαοίι</em></strong></span> <span class='ocrx_word' id='word_1_317' title='bbox 443 3415 555 3483; x_wconf 86' lang='grc' dir='ltr'><strong><em>κίνησιν</em></strong></span> <span class='ocrx_word' id='word_1_318' title='bbox 568 3412 657 3470; x_wconf 69' lang='grc' dir='ltr'><strong><em>θοίνη.</em></strong></span> <span class='ocrx_word' id='word_1_319' title='bbox 672 3444 706 3455; x_wconf 88' lang='lat'><strong><em>·-</em></strong></span> <span class='ocrx_word' id='word_1_320' title='bbox 720 3406 799 3481; x_wconf 72' lang='grc' dir='ltr'><strong><em>ὕδωρ</em></strong></span> <span class='ocrx_word' id='word_1_321' title='bbox 813 3407 888 3466; x_wconf 75' lang='grc' dir='ltr'><strong><em>ἐστίν</em></strong></span> <span class='ocrx_word' id='word_1_322' title='bbox 902 3426 917 3466; x_wconf 86' lang='grc' dir='ltr'><strong><em>ο</em></strong></span> <span class='ocrx_word' id='word_1_323' title='bbox 932 3441 965 3450; x_wconf 95' lang='lat'>-</span> <span class='ocrx_word' id='word_1_324' title='bbox 980 3414 1022 3494; x_wconf 71' lang='lat'><strong><em>¹⁶:</em></strong></span> <span class='ocrx_word' id='word_1_325' title='bbox 1043 3410 1152 3495; x_wconf 70' lang='grc' dir='ltr'><strong><em>εἴρηται</em></strong></span> 
     </span>
     <span class='ocr_line' id='line_1_35' title="bbox 134 3479 1152 3556; baseline -0.005 -16"><span class='ocrx_word' id='word_1_326' title='bbox 134 3484 171 3540; x_wconf 79' lang='lat' dir='ltr'><strong><em>bc</em></strong></span> <span class='ocrx_word' id='word_1_327' title='bbox 189 3481 301 3552; x_wconf 71' lang='grc' dir='ltr'><strong><em>λέγεται</em></strong></span> <span class='ocrx_word' id='word_1_328' title='bbox 314 3503 333 3540; x_wconf 87' lang='lat' dir='ltr'><strong><em>a</em></strong></span> <span class='ocrx_word' id='word_1_329' title='bbox 347 3517 379 3528; x_wconf 92' lang='lat'><strong><em>-·</em></strong></span> <span class='ocrx_word' id='word_1_330' title='bbox 396 3492 437 3542; x_wconf 83' lang='grc'><strong><em>16.</em></strong></span> <span class='ocrx_word' id='word_1_331' title='bbox 457 3481 579 3556; x_wconf 86' lang='grc' dir='ltr'><strong><em>γάλλων]</em></strong></span> <span class='ocrx_word' id='word_1_332' title='bbox 599 3481 697 3555; x_wconf 89' lang='grc' dir='ltr'><strong><em>γάμων</em></strong></span> <span class='ocrx_word' id='word_1_333' title='bbox 711 3485 727 3541; x_wconf 80' lang='lat' dir='ltr'><strong><em>b</em></strong></span> <span class='ocrx_word' id='word_1_334' title='bbox 743 3514 775 3523; x_wconf 95' lang='lat'><strong><em>--</em></strong></span> <span class='ocrx_word' id='word_1_335' title='bbox 797 3488 837 3537; x_wconf 76' lang='lat'><strong><em>17.</em></strong></span> <span class='ocrx_word' id='word_1_336' title='bbox 857 3479 931 3551; x_wconf 87' lang='grc' dir='ltr'><strong><em>τάχα</em></strong></span> <span class='ocrx_word' id='word_1_337' title='bbox 944 3499 1074 3536; x_wconf 89' lang='grc' dir='ltr'><strong><em>τοιουτον</em></strong></span> <span class='ocrx_word' id='word_1_338' title='bbox 1092 3500 1120 3535; x_wconf 90' lang='grc' dir='ltr'><strong><em>τι</em></strong></span> <span class='ocrx_word' id='word_1_339' title='bbox 1133 3498 1152 3535; x_wconf 85' lang='grc' dir='ltr'><strong><em>α</em></strong></span> 
     </span>
    </p>
   </div>
   <div class='ocr_carea' id='block_1_4' title="bbox 0 0 1252 3848">
    <p class='ocr_par' dir='ltr' id='par_1_4' title="bbox 0 0 1252 3848">
     <span class='ocr_line' id='line_1_36' title="bbox 0 0 1252 3848; baseline 0 0"><span class='ocrx_word' id='word_1_340' title='bbox 0 0 1252 3848; x_wconf 95' lang='lat' dir='ltr'><strong><em> </em></strong></span> 
     </span>
    </p>
   </div>
  </div>
 </body>
</html>
