2490 3848
152 185 192 248 10
548 184 773 236 ΚΟΡΝΟΤΤΟΤ

149 330 277 394 νωνίαν
306 330 375 393 τῶν
407 323 601 410 ἀνθρώπων
632 327 688 394 καὶ
720 330 942 415 παραγγείλας
974 324 1088 409 αὐτοῖς
1120 325 1165 415 μὴ

149 431 278 501 ἀδικεῖν
302 432 468 520 ἀλλήλους
492 424 590 512 οὗτός
614 435 682 501 ἐστι
705 473 748 483 --
771 434 918 502 καὶτῶν
942 440 1098 523 Χαρίτων
1124 476 1163 488 -

149 539 309 607 ἐντεῦθέν
331 566 366 607 τε
388 538 452 629 γάρ
477 544 563 608 είσιν
586 542 623 607 αί
643 543 703 608 τοῦ
731 544 923 628 χαρίζεσθαι
951 542 1006 609 καὶ
1035 540 1172 631 εὐεργε-Ι

148 660 219 715 τεῖν
238 645 336 735 ὀργαὶ
358 686 395 697 -
416 646 559 714 καὶτῶν
577 643 699 734 Ὡρῶν,
722 650 790 714 τῶν
809 645 892 715 κατά
914 645 973 727 τάς
995 653 1057 716 τοῦ
1076 672 1166 736 περι-

123 754 284 839 οέχοντος
318 751 502 840 μεταβολάς
534 758 719 841 σωτηρίους
750 756 819 822 τῶν
855 753 907 822 ἐπὶ
940 758 1000 841 γῆς
1033 757 1165 841 γινομέ-

150 886 222 928 νων
248 860 303 928 καὶ
332 863 401 927 τῶν
429 857 540 927 ἄλλων
565 857 816 947 ὠνομασμένων
840 857 905 929 άπὸ
928 864 986 948 της
1006 865 1169 948 φυλακῆς.

149 965 390 1052 παρεισάγουσι
414 963 444 1033 δ’
470 962 575 1033 αὐτὸν
595 972 725 1034 τελείου
743 964 868 1054 άνόρὸς
886 965 1021 1055 ἡλικίαν
1036 973 1166 1055 ἔχοντα,

149 1074 218 1142 ἐπεὶ
250 1072 326 1142 οὔτε
356 1070 394 1141 τὸ
424 1069 638 1160 παρηκμακός
668 1068 745 1140 οὔτε
774 1070 812 1139 τὸ
843 1074 972 1153 ἐλλιπὲς
1001 1078 1167 1161 ἐμφαίνει,

148 1177 365 1266 κατηρτυκότι
391 1177 429 1245 δὲ
453 1181 591 1262 οίκεῖον,
621 1176 677 1244 διά
705 1180 805 1245 τοῦτο
833 1177 888 1244 καὶ
909 1184 1052 1266 ’τελείαν
1076 1177 1166 1269 αὐτῷ

90 1293 136 1384 (τι
149 1285 339 1372 θυομένων.
375 1283 413 1352 τὸ
435 1282 472 1351 ὀὲ
491 1287 659 1371 σκῆπτρον
678 1287 737 1371 τῆς
752 1287 949 1364 δυναστείας
963 1282 1069 1352 αὐτοῦ
1084 1285 1166 1371 σάμ-

97 1391 100 1394 *
148 1390 252 1478 βολόν
277 1392 361 1476 ἐστι,
384 1389 560 1476 βασιλικὸν
583 1389 721 1478 φόρημα
743 1388 913 1479 ὑπάρχον,
934 1387 1035 1477 ἢτοῦ
1059 1390 1166 1459 άπτιό-

148 1508 213 1577 τονς
239 1495 342 1566 αὐτὸν
370 1503 459 1584 ἔχειν
485 1498 541 1565 καί
570 1494 730 1583 ἀσφαλῶς
757 1495 803 1578 ὥς
824 1496 904 1577 τοὺς
931 1497 983 1565 ίπί
1010 1496 1167 1585 βάκτροις

128 1604 418 1695 ἐρηρεισμένους·
446 1602 484 1672 τὸ
509 1603 547 1672 δὲ
571 1609 680 1688 βέλος,
704 1600 722 1672 ὃ
747 1605 783 1672 ἐν
806 1607 846 1692 τῇ
870 1606 961 1693 δεξιᾷ
983 1605 1067 1691 χειρὶ
1091 1629 1177 1693 κατ-Ι

149 1714 230 1800 έχει,
260 1712 465 1798 σαφεστέρας
493 1706 514 1796 ἢ
545 1707 617 1778 κατ’
648 1709 846 1797 ἐπεξήγησιν
875 1708 1058 1796 ὀνομασίας
1089 1712 1167 1779 ἐστί.

110 1838 136 1879 15
149 1822 318 1906 πολλαχοῦ
347 1816 384 1884 δὲ
413 1816 469 1883 καὶ
497 1821 609 1904 Νίκην
639 1819 771 1901 κρατῶν
801 1816 988 1887 πλάττεται·
1020 1825 1166 1907 περίεστι

149 1924 213 2014 γὰρ
240 1924 377 1994 πάντων
403 1923 459 1992 καὶ
487 1920 589 2010 ἡττᾶν
618 1919 722 1992 αὐτὸν
751 1920 853 1993 οόὀὲν
882 1924 1032 1993 δύναται.
1079 1922 1168 2012 ίερὸς

151 2029 182 2098 δ’
209 2031 303 2118 ὀρνις
330 2028 436 2098 αὐτοῦ
464 2025 558 2109 άετὸς
585 2031 714 2126 λέγεται
744 2027 832 2097 εἶναι
861 2029 917 2098 ὀιά
940 2031 977 2099 τὸ
1005 2028 1167 2112 ὀξύτατον

149 2141 248 2205 τοῦτο
275 2139 343 2205 τῶν
370 2139 508 2223 πτηνῶν
534 2133 629 2204 εἶναι.
676 2136 830 2223 στέφεται
859 2134 890 2204 δ’
922 2139 1016 2225 ἐλαίᾳ
1044 2136 1100 2205 διὰ
1127 2136 1165 2205 τὸ

150 2242 306 2322 ἀειθαλὲς,
326 2243 382 2310 καὶ
405 2241 548 2330 λιπαρὸν
571 2243 626 2309 καὶ
650 2244 882 2331 πολύχρηστον
906 2239 927 2329 ἢ
951 2241 1008 2310 διὰ
1029 2243 1092 2331 τὴν
1113 2244 1167 2329 ἐμ-

110 2372 137 2412 εο
151 2355 289 2438 φέρειαν
312 2353 370 2436 τῆς
393 2347 476 2437 πρὸς
498 2346 558 2417 τὸν
586 2344 736 2436 οόρανόν
759 2347 992 2435 γλαυκότητος.
1038 2349 1167 2435 λέγεται

151 2456 183 2525 δ’
208 2454 274 2526 ὑπό
300 2482 402 2525 τινων
430 2456 486 2523 καί
516 2454 670 2544 άλάσταρ
700 2457 756 2525 καὶ
778 2463 987 2541 παλαμναῖος
1009 2457 1055 2545 τῷ
1068 2474 1070 2479 ’
1085 2455 1165 2536 τοὺς

150 2561 336 2650 άλάστορας
362 2562 418 2629 καὶ
445 2567 677 2649 παλαμναίους
703 2561 869 2645 κολάζειν,
897 2565 966 2628 τῶν
993 2560 1054 2647 μὲν
1082 2558 1166 2630 ὀνο-

204 2789 229 2839 1.
245 2779 348 2846 αότοὺς
363 2801 425 2839 a-
435 2789 459 2839 3.
476 2779 616 2840 ἐντεῦθεν
636 2785 691 2856 [τε]
707 2780 760 2853 γάρ
771 2786 849 2839 ὀο-
863 2787 1030 2853 χαρίζεσθαι
1040 2804 1058 2840 α
1072 2787 1167 2840 δανεί-

152 2858 252 2923 ζεσθαι
267 2856 302 2911 bc
316 2885 350 2896 -
366 2862 391 2912 6.
410 2855 539 2925 φυλακῆς
556 2875 575 2911 α
593 2853 706 2924 φύσεως
724 2856 760 2909 bc
775 2887 808 2895 -
824 2861 848 2910 ⁷.
868 2852 980 2927 ἔχοντα]
1001 2872 1036 2911 ex
1055 2854 1168 2925 ἔχοντες

151 2942 220 2982 corr.
240 2926 273 2980 N
288 2956 323 2967 -
342 2932 366 2981 9.
386 2924 575 2995 κατηρτυκότι
592 2927 627 2981 Ν
631 2926 691 2980 XL
709 2923 888 2994 κατηρτικότι
907 2923 969 2981 a'V
992 2945 1109 2995 κατηρτι
1130 2925 1164 2994 θ,

151 2995 371 3084 κατηρτισμένον
385 2997 492 3054 intruso
509 2993 540 3054 τὸ
558 3000 623 3068 post
637 2993 771 3067 ἐμφαίνει
788 2996 823 3068 θ,
840 2994 872 3052 τὸ
887 2995 920 3052 δὲ
935 2991 1110 3080 κατηρτνηός
1124 2995 1170 3049 vel

152 3085 261 3137 -ηκοςο
280 3099 313 3108 -
333 3074 435 3124 10.11.
454 3065 485 3123 τό
504 3067 536 3124 δὲ
556 3069 697 3138 σκῆπτρον
715 3068 765 3135 τῆς
779 3070 892 3123 ὀνναστ.
909 3088 935 3123 α.
951 3065 1091 3137 σύμβολον
1111 3062 1169 3121 ἔστι

153 3140 298 3194 XMLbc
316 3159 339 3195 τ.
356 3138 389 3194 δὲ
410 3135 549 3228 σύμβολον
563 3140 612 3209 τῆς
626 3141 687 3196 δον.
706 3134 795 3194 αὐτοῦ
815 3135 874 3195 ἔστι
889 3139 918 3194 Ρ
931 3169 964 3178 -
980 3143 1094 3192 11-14.
1110 3134 1168 3192 ἐστι

153 3206 311 3282 [βασιλικὸν
335 3229 366 3278 φ.
384 3203 470 3280 ὀπη
493 3211 543 3265 τοῦ
564 3242 597 3251 -
621 3205 775 3280 ὀνομασίας
799 3206 869 3282 ἔστι]
894 3210 930 3265 bc
948 3239 982 3250 -·
1006 3203 1070 3265 άπτ.
1095 3229 1122 3263 α,
1142 3230 1168 3264 κ.

152 3286 219 3359 ἄσφ.
240 3288 316 3379 ἔηειν
332 3291 365 3344 Χ
381 3323 415 3332 -
437 3298 478 3346 13.
498 3290 578 3375 μέλος
592 3290 677 3346 Schm.
698 3287 800 3379 κράτος
816 3289 838 3344 0
857 3319 891 3331 -
913 3294 954 3345 16.
974 3285 1061 3344 οὐδὲν
1080 3286 1168 3357 ἡττᾶν

151 3380 178 3414 α.
199 3362 214 3415 b
234 3363 294 3416 ονό.
314 3358 404 3431 ἡττᾶν
423 3357 511 3418 αότου
532 3361 578 3417 Ge
597 3393 628 3402 -
650 3368 691 3417 17.
711 3358 795 3424 αετός
814 3356 920 3428 (αίετός
934 3362 962 3429 a)
977 3361 1035 3415 aN
1049 3356 1065 3415 ὁ
1085 3356 1169 3422 άετός

152 3447 166 3486 ο
185 3462 218 3472 -
240 3438 280 3488 18.
300 3433 384 3488 τοῦτο
404 3453 429 3489 ε..
445 3453 468 3488 τ.
487 3451 531 3490 πτ.
552 3434 568 3488 ὀ
587 3433 687 3488 τοῦτον
706 3430 781 3489 εἶναι
800 3431 856 3486 τάν
874 3427 967 3485 ἄλλων
985 3451 1029 3487 πτ.
1049 3449 1063 3486 ο
1101 3471 1104 3475 -
