2490 3848
497 172 698 270 ΕΠΙΔδὊΜΗ.
840 218 843 223 ’
1061 216 1104 282 37

91 363 265 448 διαφέρειν
293 359 451 430 ἁπάντων
483 361 539 428 καὶ
571 365 803 446 περιγίνεσθαι
837 358 855 428 ὁ
883 359 975 438 Ζεύς.
1025 383 1105 449 προ-

89 468 173 556 τομη
198 467 229 536 δ’
256 472 292 537 έν
316 465 400 556 αὐτῇ
424 465 595 554 Γοργόνος
618 469 686 534 έστι
709 465 791 534 κατά
818 467 920 552 μέσον
942 469 1001 552 τῆς
1023 474 1107 544 θεᾶς

89 573 126 642 τό
151 578 277 660 στῆθος
300 573 361 653 ἔξω
392 578 639 660 προβεβληκυῖα
665 571 728 659 τὴν
752 575 900 657 γλῶτταν
933 568 1027 639 ὦσδιν
1055 573 1105 638 έκ-

90 679 301 767 φανεστάτου
326 677 424 759 ὄντος
448 682 484 747 έν
507 683 548 766 τῇ
571 683 639 746 τῶν
657 676 676 746 ἴ
678 687 747 746 λων
767 682 943 766 οἰκονομίᾳ
965 680 1026 744 τοῦ
1050 677 1105 744 λό-

89 814 161 874 γον.
200 790 236 854 οί
251 786 289 854 δὲ
308 785 489 873 δράκοντες
507 785 562 852 καὶ
581 780 601 871 ἡ
620 783 724 869 γλαὺξ
748 782 805 852 διὰ
827 784 865 852 τὸ
881 784 1020 871 ἐμφερές
1037 786 1133 851 τάνε

90 892 247 980 ὀμμάτων
276 893 492 959 ἀνατίθενται
519 890 622 978 ταότη
650 890 856 976 γλαυκώπιδι
884 888 981 979 οόση·
1010 909 1106 977 σμερ-

91 991 212 1066 δαλέον
236 997 300 1085 γὰρ
325 995 342 1066 ό
367 997 501 1083 δράκων
526 997 663 1083 δέδορκε
685 996 741 1064 καὶ
764 995 971 1082 φυλακτικόν
989 1022 1020 1063 τι
1040 1000 1106 1083 ἔχει

90 1104 146 1171 καί
174 1103 347 1194 άγρυπνον
369 1105 425 1171 καὶ
455 1102 516 1172 οὐκ
547 1101 735 1193 εὐθήρατος
762 1100 849 1171 εἶναι
879 1106 974 1170 δοκεῖ
1002 1107 1023 1186 [·
1053 1098 1106 1169 “οὐ

90 1210 169 1297 χρὴ’
199 1210 236 1279 δὲ
260 1209 459 1297 ’παννύχιον
487 1207 599 1278 εὕδειν
626 1208 844 1296 βουληφόρον
869 1208 1014 1298 άνδρα’].
1055 1208 1107 1275 λε’-

91 1343 182 1402 γεται
206 1314 237 1383 δ’
261 1314 447 1404 Ἀτρυτώνη
474 1315 536 1404 μὲν
559 1313 682 1384 ὡσανεὶ
711 1314 753 1383 οὐ
775 1316 941 1406 τρυομένη
966 1312 1024 1383 ὑπ’
1051 1312 1105 1382 οὐ·
1121 1334 1147 1374 10

95 1422 192 1502 δενὸς
214 1422 323 1492 πόνου
346 1419 367 1510 ἢ
388 1421 433 1503 ιδς
454 1420 600 1510 ἄτρυτον
619 1426 679 1490 τοῦ
698 1424 835 1508 αἰθέρος
854 1421 966 1508 ὄντος,
993 1427 1108 1508 Τριτο-

91 1531 202 1615 γένεια
226 1529 278 1613 δέ,
307 1524 401 1613 ότιίγ
430 1541 500 1606 τοῖς
521 1541 635 1606 κακοῖς
658 1529 848 1613 ἐγγεννῶσα
872 1526 909 1595 τὸ
932 1540 1024 1614 τρεῖν
1051 1527 1108 1593 καὶ

91 1637 222 1722 τρέμειν
251 1631 352 1719 αὕτη,
364 1635 454 1701 ἐστίν
475 1673 514 1683 -
544 1625 641 1721 ἦρται
668 1632 732 1719 γὰρ
760 1631 907 1719 πόλεμον
934 1632 1020 1717 πρὸς
1045 1631 1107 1718 τὴν

91 1746 211 1807 κακίαν
233 1779 285 1824 -,
309 1737 405 1806 άλλοι
429 1740 469 1806 δέ
489 1759 573 1825 φασι
597 1737 653 1806 διά
671 1738 794 1808 τούτου
817 1743 1044 1824 παρίστασθαι
1067 1737 1107 1806 τὰ

91 1851 167 1933 τρία
190 1847 270 1931 γένη
294 1849 361 1913 τῶν
385 1845 581 1932 σκεμμάτων
604 1848 662 1932 τῆς
677 1844 767 1912 ’κατὰ
790 1850 998 1931 φιλοσοφίαν
1021 1853 1107 1912 θεω-
1122 1862 1147 1904 1⁶

93 1956 182 2038 ρίας,
210 1950 483 2039 πανουργοτέραν
506 1950 693 2037 διόρθωσιν
723 1947 743 2037 ἢ
772 1949 854 2018 κατά
879 1950 941 2037 τὴν
964 1948 1107 2037 ἀρχαίαν

92 2056 307 2143 όλοσχέρειαν
336 2061 470 2142 ἔχοντος
496 2054 628 2124 τούτου.
672 2055 839 2124 λαοσσόον
863 2055 900 2124 δδ
923 2054 1029 2144 αὐτην
1054 2060 1070 2125 έ
1093 2101 1107 2110 -

93 2161 374 2251 ονομάζουσιδιδι
402 2162 439 2230 τὸ
466 2162 577 2229 σεόειν
602 2163 639 2229 έν
666 2176 737 2241 ταῖς
760 2161 880 2250 μάχαις
905 2163 983 2243 τοὺς
1006 2165 1109 2245 λαοός

91 2275 115 2355 [,
139 2267 184 2349 ὡς
211 2257 317 2355 ληίτις
339 2267 465 2355 ἐκλήθη
489 2266 556 2336 άπὸ
578 2273 637 2354 τῆς
659 2274 773 2355 λείας,]
796 2265 965 2356 ἢμᾶλλον
989 2270 1045 2337 διά
1069 2271 1107 2338 τὸ

91 2376 254 2464 σάτειραν
277 2371 385 2461 αὐτὴν
408 2379 477 2443 τόν
500 2377 683 2461 χρωμένων
706 2373 789 2462 αὐτῇ
813 2378 905 2442 λαῶν
928 2371 1028 2442 εἶναι·
1051 2376 1107 2443 καὶ
1121 2393 1148 2434 ²0

91 2481 218 2563 πόλεως
237 2480 305 2567 γὰρ
324 2483 500 2550 καὶ-οἴκου
521 2481 578 2548 καὶ
600 2484 660 2549 τοῦ
684 2485 763 2565 βίον
780 2478 904 2560 παντὸς
925 2481 1108 2568 προστάτιν

91 2590 247 2674 ποιητέον
265 2585 327 2673 την
343 2586 526 2675 φρόνησιν·
551 2583 610 2673 ἀφ’
628 2577 670 2654 οὗ
689 2583 730 2672 δὴ
749 2587 805 2652 καὶ
824 2588 1033 2671 έρυσίπτολις
1052 2587 1108 2654 καὶ

167 2788 190 2834 1.
211 2779 344 2848 διαφέρει
357 2775 386 2833 δ’
402 2776 538 2835 ἁπάντων
552 2779 601 2834 καί
614 2780 788 2850 περιγίνεται
801 2774 875 2852 N,b‘
885 2812 920 2821 -
938 2787 963 2835 2.
984 2777 1015 2836 έν
1030 2777 1107 2855 αότῷ

92 2851 155 2922 aN1
172 2881 206 2890 —
225 2855 250 2906 3.
265 2857 290 2903 4.
312 2848 376 2920 [ἔξω
396 2881 430 2890 -
452 2846 483 2906 έν
501 2851 548 2922 τῇ]
563 2850 634 2904 P-
655 2856 680 2906 3.
699 2851 955 2924 προβεβληκ-ῨΜ
969 2854 1109 2925 προβεβη-

91 2928 158 2976 κυῖα
183 2927 240 2976 cett.
267 2951 300 2960 -
324 2921 451 2990 γλῶσσαν
473 2921 523 2977 αθ
546 2921 655 2989 γλῶσαν
678 2922 706 2975 Β
729 2953 762 2961 -
790 2917 828 2984 ὥς
854 2915 892 2975 δν
914 2922 995 2977 NGc
1019 2953 1053 2962 -
1082 2928 1107 2976 8.

92 2999 116 3049 9.
142 2987 176 3047 οὗ
200 2986 252 3062 χρὴ
271 2986 326 3061 γὰρ
345 3007 360 3046 ι
382 2992 469 3062 (apud
487 2992 643 3047 Εκοίοοίοκι
664 2992 751 3047 verba
771 2988 805 3046 οὗ
824 2989 875 3062 χρὴ
895 3024 928 3032 -
947 2988 1040 3062 ἄνδρα
1058 2992 1108 3046 ab·

91 3065 165 3132 sunt)
191 3094 224 3102 -
254 3068 295 3116 11.
325 3057 362 3123 ὡς
384 3058 556 3132 άτρότονῑθ
578 3057 656 3117 τδσάν
679 3083 706 3117 α.
732 3062 775 3118 Os.
799 3065 839 3119 ed.
864 3059 902 3126 ὡς
924 3057 961 3117 δν
983 3058 1012 3117 ά.
1030 3063 1128 3129 Eud„

93 3166 127 3174 —
152 3140 193 3189 13.
218 3127 301 3204 ἦρται
322 3133 377 3187 αΝ
393 3124 443 3203 ἦρε
463 3129 534 3202 N2b'
558 3129 678 3203 ἥρηνται
700 3135 747 3189 vel
764 3131 899 3203 ἥρηταισ
921 3165 955 3174 -
979 3138 1021 3189 15.
1045 3133 1107 3221 τῆς]

95 3205 149 3258 τῶν
164 3204 321 3262 Ματίίκίκε
335 3236 370 3245 -
387 3211 429 3259 16.
448 3201 603 3274 διόρθωσιν
618 3207 668 3273 (-σι
683 3205 787 3272 Ρ)αΝ
798 3201 968 3274 διάρθρωσιν
982 3204 1011 3258 Β
1028 3205 1108 3273 διαρ-

95 3294 203 3364 &emm
218 3311 244 3366 G
262 3307 420 3380 διάρθωοιν
434 3311 476 3380 Ν2
496 3327 560 3365 cum
575 3311 680 3381 glossa:
700 3312 920 3366 απιαιλαίίοκιικ
934 3341 967 3350 -
984 3316 1026 3364 18.
1045 3307 1109 3365 σού-

96 3398 139 3435 ειν
153 3396 168 3434 ο
186 3377 263 3435 σόειν
279 3382 323 3437 Os.
337 3384 378 3437 αλ.
394 3413 426 3422 -
448 3388 489 3436 19.
507 3377 595 3449 λήϊιις
613 3381 700 3452 (prius
715 3403 725 3436 ι
739 3383 768 3436 in
781 3383 801 3437 1.
816 3399 854 3437 er.
868 3382 914 3450 N)
925 3381 987 3436 NG
1005 3382 1109 3450 ληιστὶς

4 3460 12 3471 '
95 3467 109 3505 ο
128 3449 223 3519 ληίτης
240 3451 268 3504 Β
285 3483 319 3496 -
339 3459 381 3508 21.
401 3449 561 3522 προστάτην
580 3470 617 3508 ae
