2490 3848
16 250 18 255 ·
92 230 117 276 x
490 210 706 267 PRAEFATIO.

93 361 176 420 θεῶν
198 355 331 440 φύσεως,
355 383 445 440 quam
468 366 499 423 et
520 363 552 421 in
576 363 712 423 omnibus
739 363 801 424 fere
819 364 951 424 familiae
974 358 1005 424 b'
1028 369 1059 426 et
1076 368 1108 429 in

93 450 213 522 generis
241 470 256 513 o
282 453 397 513 familia
426 453 458 532 β,
489 451 611 527 propius
643 452 697 511 illa
729 471 819 528 quam
846 475 866 511 o
893 453 932 511 ad
963 455 980 512 b
1011 473 1107 530 genus

93 539 265 619 accedente,
293 542 386 603 habes
411 535 462 623 (cf.
489 560 518 615 p.
548 532 595 619 1),
629 540 811 601 subditivam
832 525 908 601 'esse
934 543 1107 616 putandam.

93 624 188 688 Imrno
212 632 332 708 generis
355 649 376 691 a
396 629 563 704 inscriptio,
587 647 664 705 quae
686 629 823 704 quamvis
839 630 951 690 luxatis
965 632 1107 691 membris

94 714 185 776 etiam
221 738 240 779 a
274 719 393 796 generis
431 735 446 778 c
481 717 595 777 familia
639 740 659 776 u
693 718 869 795 praebetur,
914 719 999 779 unioe
1036 738 1109 780 vera

94 807 158 883 est,
187 817 326 882 'caveque
366 826 404 866 ne
447 825 515 866 cum
554 806 665 873 Jahnio
707 799 827 885 ἐπιτομὴ
867 828 922 884 pro
964 801 1107 887 ἐπιδρομή

94 895 220 955 scribas:
248 914 319 955 nam
342 888 506 974 ἐπιδρομὴν
532 914 593 956 non
619 897 739 955 tantum
765 897 913 973 impetum
941 896 1108 974 significare

94 983 147 1041 sed
178 983 269 1043 etiam
301 986 532 1044 tumultuariam
564 986 595 1044 et
631 985 870 1060 compendiosam
907 985 1031 1046 alieuius
1064 987 1108 1044 rei

92 1071 303 1132 tractationem
321 1073 494 1133 testimonio
515 1075 586 1132 sunt
607 1071 754 1148 imprimis
773 1073 832 1132 duo
850 1074 931 1149 apud
944 1074 1109 1150 Diogenem

92 1151 280 1240 Laertium¹)
308 1162 378 1237 loci,
411 1163 521 1238 quibus
548 1161 662 1222 Dioclis
689 1161 841 1237 Magnetis
873 1157 1017 1240 ἕποδρομὴ
1050 1165 1108 1223 τῶν

93 1242 269 1325 φιλοσόφων
305 1254 565 1327 commemoratur,
603 1268 694 1324 quam
726 1249 847 1324 quidem
880 1252 983 1309 contra
1013 1251 1108 1325 philo-

94 1336 217 1413 sophos,
244 1339 306 1396 'non
328 1339 365 1397 de
387 1339 574 1416 philosophis
598 1339 741 1413 scriptam
762 1338 856 1397 fuisse
878 1340 999 1396 tantum
1022 1338 1109 1398 abest

92 1425 128 1481 ut
147 1425 288 1486 credibile
312 1428 361 1502 sit,
383 1431 418 1487 ut
440 1427 520 1486 idem
544 1426 675 1486 eiusdem
700 1425 812 1486 Dioclis
836 1426 914 1484 liber
936 1418 1107 1507 videatur²)

93 1531 182 1587 quem
205 1516 272 1574 aliis
295 1516 368 1575 locis
391 1513 458 1596 περὶ
481 1515 555 1594 βίων
577 1516 636 1575 τῶν
654 1508 829 1592 φιλοσόφων
848 1514 996 1590 Diogenes
1015 1516 1108 1573 nomi-

92 1604 159 1680 111,
186 1604 247 1663 alia
273 1606 410 1686 exempla
437 1605 540 1666 videas
567 1605 599 1662 11
626 1602 770 1678 Stephani
794 1603 962 1677 Thesauro,
990 1603 1022 1661 in
1049 1623 1107 1679 quo

93 1689 269 1753 Laertianos
296 1694 365 1753 illos
393 1694 473 1753 locos
503 1693 731 1768 praetermissos
756 1711 821 1752 esse
844 1691 933 1753 valde
955 1692 1108 1753 miramur.

352 2150 560 2224 CODIOUM
592 2148 848 2222 REOENSUS.

182 2437 206 2496 I.
244 2434 335 2496 Oodd.
359 2436 477 2512 generis
502 2454 534 2511 α,
557 2434 637 2511 quod
661 2436 708 2494 est
730 2435 885 2509 optimum.

182 2525 227 2585 De
250 2525 443 2600 inscriptione
467 2524 578 2599 operis,
603 2541 694 2600 quam
707 2523 763 2582 hoc
776 2522 839 2581 cod.
858 2542 954 2598 genus
972 2522 1107 2599 praebet,

94 2613 129 2673 of.
154 2632 230 2689 quae
253 2630 345 2688 supra
368 2613 495 2671 diximus
520 2615 602 2688 etp.
627 2615 654 2671 1.

184 2705 211 2761 1.
234 2701 264 2759 Ρ
279 2726 322 2749 ==
341 2701 495 2760 Parisinus
517 2703 603 2760 2720
628 2692 762 2781 (Osanno
781 2700 959 2760 Parisiensis
976 2692 1021 2781 4),
1044 2699 1109 2758 XV.

93 2790 218 2864 saeculi,
238 2790 301 2850 cod.
320 2789 451 2866 optimae
469 2792 571 2864 notae,
592 2807 720 2865 quocum
738 2790 778 2847 M
792 2790 969 2865 plerumque
988 2808 1110 2850 eonsen-

93 2879 145 2954 tit,
178 2879 257 2938 unde
289 2879 344 2938 hos
377 2880 452 2938 duos
486 2878 635 2938 communi
667 2877 752 2954 signo
781 2870 843 2958 (α’)
876 2879 1108 2953 nominavimus3

93 2967 168 3027 Pet
186 2969 226 3026 M
242 2967 386 3027 recedunt
404 2967 578 3044 longissime
597 2985 616 3026 a
634 2967 728 3025 classe
746 2968 771 3026 b.
808 2966 892 3028 Inest
905 2968 937 3025 in
950 2965 1109 3041 Ppraeter

94 3055 155 3114 alia
176 3056 275 3115 multa
298 3056 390 3115 etiam
413 3056 616 3131 Palaephatus
639 3056 888 3133 mythographus.

183 3147 212 3205 2.
235 3145 276 3202 Μ
289 3169 330 3193 =
345 3144 627 3221 Montepessulanus
647 3146 725 3220 422,
748 3144 829 3203 XVI.
848 3141 973 3218 saeculi,
997 3139 1109 3201 Cornu-

93 3233 160 3291 tum
187 3236 218 3292 et
245 3231 463 3308 Palaephatum
490 3234 654 3293 continens.
699 3235 748 3310 Μ,
777 3233 815 3291 ad
841 3231 931 3289 finem
959 3248 1023 3304 cap.
1050 3229 1109 3287 XII

166 3405 192 3472 1)
211 3402 264 3456 VII
282 3407 297 3467 5
316 3406 361 3472 48,
378 3402 405 3456 X
423 3407 438 3468 ς
458 3408 500 3469 11,
519 3402 583 3456 coll.
603 3402 656 3456 Vll
674 3406 689 3467 ς
709 3406 780 3456 1614

165 3477 192 3543 2)
212 3472 253 3528 cf.
272 3473 399 3529 Hdbneri
417 3475 510 3544 (1830)
530 3472 567 3527 ad
585 3472 667 3543 Diog.
688 3472 718 3525 L.
738 3472 764 3525 X
784 3474 816 3525 11
836 3468 1054 3524 adnotationem.
