2490 3848
92 269 181 317 XVIII
413 246 578 304 CODIOUM
596 247 793 303 REOENSUS.

93 397 189 458 δοσιν·
217 391 249 458 τὸ
277 392 310 456 δὲ
337 393 507 477 λεπτομερὲς
533 400 586 458 τοῦ
614 390 701 476 ἀέρος
723 393 825 477 γέγονε
846 401 921 477 πῦρ,
948 392 967 478 ἡ
992 395 1024 460 δὲ
1049 396 1108 460 θά-

91 478 211 565 tana)
243 479 316 545 κατὰ
348 480 520 564 ἕκμύζησιν,
557 479 592 545 rol
625 482 658 545 δὲ
689 479 744 564 ὅρη
777 480 850 546 κατὰ
883 483 1108 567 ἐξοστρακισμὸν

91 577 143 653 τῆς
161 576 222 654 γῆς.
259 567 390 645 ‘Nomio
415 568 444 632 δ’
469 563 532 634 αὖτ’
554 565 718 655 Αἰθήρζῖ)
736 569 780 635 ὅτι
798 568 912 653 ὁρῶμεν
929 569 981 636 τὸν
1000 574 1108 654 αἰθέρα

92 664 152 736 τοῖς
174 656 315 742 derodere
342 659 375 721 ἕν
397 664 432 742 τῇ
454 661 550 723 νυκτί·
578 659 628 723 καὶ
655 657 744 722 πάλιν
767 662 794 722 εἰ
816 656 856 741 μὴ
879 656 1064 745 ὑποχωρήσει
1087 658 1124 742 ἡ

93 744 162 827 νύξ,
184 744 279 829 ἡμέρα
301 743 338 811 οὗ
360 749 480 830 γίνεται.

181 858 250 933 Ipse
274 857 387 916 contuli
409 859 489 917 totos
512 857 627 917 codices
654 860 680 916 1.
705 859 734 916 2.
760 859 787 917 3.
811 859 841 917 4.
862 858 890 918 5.
904 858 939 920 ’7.
959 862 987 920 8.
1009 863 1036 921 9.
1058 863 1107 921 13.

95 948 145 1006 28.
170 948 224 1022 29;
247 945 359 1021 partim
382 944 444 1005 cod.
469 947 520 1005 20.
544 948 595 1006 22.
620 947 670 1005 26.
697 947 746 1005 27.
771 946 822 1005 32.
847 947 898 1006 36.

181 1034 230 1092 Ad
252 1034 453 1110 indagandam
470 1033 626 1110 antiquam
645 1025 716 1113 (XI.
735 1036 788 1092 aut
806 1033 842 1093 X.
862 1028 1003 1117 saeculil)
1027 1036 1107 1095 Lati-

92 1141 163 1182 nam
195 1121 320 1182 Cornuti
355 1122 523 1182 versionem
559 1115 710 1180 ‘Malarini
740 1122 790 1181 vel
823 1117 981 1198 Malatini',
1018 1142 1108 1200 quam

93 1210 237 1294 Barthius
260 1211 298 1270 ad
318 1210 393 1272 Stat.
413 1210 506 1270 Theb.
530 1202 647 1291 (1664)
671 1213 743 1283 tom.
761 1209 793 1268 II
811 1230 840 1286 p.
861 1213 924 1271 401
949 1212 979 1270 in
1002 1212 1109 1271 biblio-

93 1299 189 1358 thecis
218 1299 372 1359 veteribus
402 1299 590 1374 conspexisse
619 1317 651 1357 se
682 1299 850 1376 contendit,
882 1299 906 1358 I.
934 1299 1108 1382 Haeussner

93 1386 359 1465 Heidelbergensis
379 1387 491 1447 amicus
510 1388 542 1446 et
560 1405 616 1463 ego
633 1386 710 1445 nihil
733 1387 819 1446 nobis
842 1388 952 1463 reliqui
974 1388 1108 1464 fecimus,

94 1476 147 1535 sed
169 1476 393 1537 verberavimus
421 1475 563 1551 lapidem!
609 1475 759 1534 Nimirum
787 1478 858 1535 sunt
885 1477 937 1552 qui
964 1477 1107 1537 vanitatis

93 1564 252 1623 Barthium
275 1567 415 1641 arguant.

182 1653 228 1712 De
252 1653 431 1713 editionibus
453 1652 521 1712 vide
545 1649 707 1711 Osannum.
743 1651 817 1712 Post
837 1650 989 1712 Osannum
1012 1672 1108 1729 pauca

32 1792 34 1797 .
94 1741 133 1800 ad
156 1740 322 1800 Cornutum
344 1740 528 1816 pertinentia
549 1741 636 1800 video
664 1741 823 1817 impressa,
851 1745 921 1801 sunt
948 1744 1049 1802 autem
1072 1761 1108 1801 ea

93 1830 179 1888 haec:
209 1827 240 1888 O.
264 1828 298 1888 L.
322 1828 452 1890 Struve
481 1829 624 1904 opuscula
652 1828 763 1888 selecta
791 1829 835 1888 ed.
863 1828 887 1888 I.
916 1829 970 1889 Th.
999 1830 1107 1890 Struve

93 1937 122 1992 p.
142 1919 318 1978 257-260
343 1909 383 2000 (a.
409 1910 522 1998 1854);
545 1915 780 1994 Wollenberg
803 1937 830 1978 v.
855 1936 946 1993 supra
967 1939 996 1994 p.
1019 1917 1107 1996 v1113

94 2005 388 2066 Schmitt-Blanlr
411 1999 484 2064 ‘Zur
497 2004 701 2065 Terteslrritilr
725 2005 777 2065 des
793 2001 961 2068 Cornutus’
985 2000 1059 2086 (llos
1079 2024 1105 2066 a.

95 2096 181 2154 1864
195 2097 383 2170 per-102
399 2096 430 2154 et
443 2114 472 2169 p.
488 2086 687 2172 sae-548).
711 2092 845 2164 Quarum
858 2096 1107 2155 dissertationum

95 2181 402 2242 Schmitt-Blanlriana
428 2182 591 2257 plurimum
613 2181 689 2240 mihi
710 2183 853 2243 utilitatis
877 2183 983 2242 attulit
1004 2183 1105 2242 valde·

94 2290 152 2347 que
166 2270 252 2330 doleo
267 2271 346 2346 quod
360 2271 482 2347 egregio
496 2270 570 2345 viro,
584 2271 763 2331 amicissimo
773 2290 840 2331 meo
851 2273 883 2330 et
895 2270 996 2330 uxoris
1009 2270 1107 2344 fratri,

94 2359 148 2419 abs
181 2378 240 2435 quo
272 2358 392 2434 quidem
419 2359 457 2418 ad
485 2359 631 2418 edendum
660 2357 826 2418 Cornutum
857 2358 999 2418 incitatus
1032 2377 1106 2432 sum,

93 2466 153 2508 non
170 2448 238 2508 vivo
256 2447 342 2506 licuit
359 2447 439 2506 hunc
455 2447 568 2506 librum
587 2448 705 2506 offerre:
728 2447 833 2523 iniqua
851 2447 929 2506 enim
949 2449 981 2506 et
999 2447 1108 2506 acerba

93 2536 216 2596 fortuna
238 2535 347 2594 abhinc
369 2553 477 2595 novem
499 2536 563 2596 fere
584 2555 701 2595 menses
724 2537 919 2611 praematura
941 2538 1037 2594 morte
1056 2535 1108 2594 ab·

93 2624 186 2700 ripuit
208 2642 286 2698 eum,
309 2623 393 2683 cuius
416 2624 584 2700 ambigeres
607 2626 710 2682 utrum
728 2623 796 2699 plus
815 2623 1006 2682 admirareris
1025 2624 1107 2699 inge-

93 2712 176 2771 nium
194 2731 229 2771 ac
247 2712 414 2772 doctrinam
432 2731 470 2771 an
486 2712 705 2789 ingenuitatem
719 2712 810 2787 atque
830 2711 988 2772 candorem
1007 2712 1108 2773 animi.

181 2800 228 2859 De
241 2803 345 2860 nostra
359 2800 489 2861 editione
506 2801 651 2861 nonnulla
668 2800 823 2874 habemus,
842 2818 918 2876 quae
934 2800 1106 2861 adiciamus.

93 2888 130 2948 In
161 2891 302 2948 contextu
332 2890 494 2949 verborum
522 2908 598 2965 quae
633 2889 716 2948 uncis
743 2888 898 2964 quadratis
931 2889 1106 2950 inclusimus

92 2977 212 3037 nomine
231 2977 305 3054 eius,
323 2979 375 3054 qui
393 2979 507 3055 primus
526 2978 692 3051 incluserit,
710 2977 742 3035 in
760 2980 905 3053 apparatu
924 2995 984 3036 non
997 2995 1106 3036 memo-

94 3069 174 3142 rato,
198 3085 216 3126 a
237 3067 323 3127 nobis
347 3085 413 3126 esse
435 3066 558 3126 inducta
582 3066 669 3143 scito,
691 3065 724 3125 in
746 3069 892 3142 apparatu
916 3069 1018 3126 autem
1041 3084 1108 3125 cum

93 3155 252 3233 flagitante
280 3173 314 3214 eo
340 3156 406 3216 viro
435 3155 614 3229 clarissimo,
647 3155 730 3214 cuius
760 3154 928 3230 sumptibus
957 3155 1004 3213 hio
1031 3154 1109 3213 liber

93 3245 175 3320 typis
208 3247 348 3304 exaratus
381 3246 441 3319 est,
476 3243 609 3319 potiores
642 3246 760 3303 tantum
791 3243 942 3319 potiorum
974 3242 1108 3302 codicum

95 3333 259 3409 scripturas
283 3333 593 3406 commemoravimus,
622 3334 688 3390 tum
714 3333 745 3391 id
768 3331 958 3407 potissimum
983 3324 1109 3407 egimus,

167 3503 194 3570 1)
213 3497 346 3557 θάλασσα
364 3517 386 3558 c.
407 3533 439 3542 -
459 3505 487 3572 2)
505 3497 593 3572 αὒθὴρ
613 3520 641 3555 τε
666 3500 709 3555 W.
