2490 3848
129 240 171 304 68
523 238 747 290 Κοευονοον

127 385 180 449 καὶ
199 378 353 458 ὡσαύτως
370 383 446 447 τοὺς
465 381 533 446 τῶν
552 377 665 446 άλλων
683 377 848 464 σωμάτων
866 376 1015 464 ψόφους,
1038 383 1074 445 οἳ
1090 376 1146 444 διὰ

127 485 165 555 τὸ
195 488 414 574 ξηραίνεσθαι
438 489 607 572 χρησίμως
634 480 699 551 ὑπὸ
726 482 787 551 τὸν
813 481 896 570 άίρα
919 482 1148 571 ἀποδίδονται,

129 596 312 679 δαιμονίως
336 589 508 679 ἡρμόσθαι
532 589 616 676 πρὸς
640 590 699 670 τάς
724 587 827 670 άκοάς
851 594 1038 671 ποιοῦντος.
1082 590 1147 658 άπὸ

128 701 250 785 ταύτης
268 698 306 766 δὲ
329 708 386 784 τῆς
409 696 512 785 ἀρχῆς
531 698 587 765 καὶ
605 698 830 783 Μουσηγέτης
851 696 977 784 ἐκλήθη
1001 700 1057 765 καὶ
1080 701 1149 765 ἐπί-

102 824 253 885 σσκοπος
270 804 327 872 καὶ
344 801 447 884 αὐτὸς
464 810 593 886 παίζειν
611 805 692 891 μετά
711 807 780 873 τάν
793 809 947 873 Μουσῶν
969 807 1146 892 ἐνομίσθη·

175 931 210 997 ἐκ
232 928 297 1015 χάρ
320 953 374 996 τοι
397 933 569 997 Μουσέων
591 930 648 996 καὶ
673 928 838 1015 ἑκηβόλον
856 925 1065 1009 ’Λπόλλωνος

174 1034 297 1120 άνδρες
320 1032 434 1103 άοιδοὶ
457 1039 552 1108 ἔασιν
575 1036 628 1106 ἐπὶ
651 1036 754 1122 χθονὶ
778 1034 834 1101 καὶ
857 1040 1013 1121 βασιλῆες
1038 1076 1075 1085 -

131 1161 237 1247 φησὶν
261 1158 279 1228 ὁ
299 1158 465 1236 Ἡσίοδος.
511 1157 568 1225 διά
592 1162 691 1228 τοῦτο
715 1155 779 1245 γάρ
808 1160 864 1226 καὶ
888 1157 977 1244 ίερός
1000 1157 1104 1227 αὐτοῦ
1131 1157 1148 1227 ὁ

131 1267 253 1345 κύκνος
271 1268 316 1356 τῷ
337 1262 590 1352 μουσικώτατον
607 1265 662 1332 καὶ
681 1263 882 1333 λευκότατον
896 1263 965 1351 ἅμα
982 1261 1150 1333 εἶναιτῶν

91 1393 118 1434 το
133 1370 278 1459 ὀρνέων,
302 1368 320 1438 ὁ
342 1370 380 1437 δὲ
403 1369 506 1455 κόραξ
530 1368 703 1456 ἀλλότριος
727 1369 783 1437 διά
806 1397 841 1439 τε
863 1368 901 1439 τό
921 1368 1041 1458 μιαρὸς
1063 1368 1151 1439 εἶναι

131 1478 187 1545 καὶ
202 1474 258 1544 διά
269 1475 332 1563 τῆν
349 1474 479 1563 χροιάν.
498 1473 568 1562 ῆδὲ
580 1476 694 1563 δάφνη
708 1481 825 1562 καίπερ
841 1479 989 1563 δαφοινῆ
1002 1504 1051 1556 τις
1066 1469 1152 1546 οὖσα

132 1584 258 1670 στέμμα
281 1581 387 1654 αύτοῦ
411 1584 518 1668 ἐστιν,
547 1581 660 1669 ἐπειδὴ
691 1581 826 1669 εύερνίς
852 1607 887 1650 τε
913 1584 969 1650 καὶ
997 1581 1153 1664 ἀειθαλὲς

132 1689 241 1776 φυτόν
260 1690 341 1757 ἐστι·
365 1688 524 1776 τυγχάνει
539 1687 576 1755 δὲ
592 1689 648 1755 καὶ
667 1684 886 1768 εὐέκκαυστος
900 1680 986 1757 οὖσα
999 1690 1154 1777 καὶπρὸς

132 1797 191 1876 τὰς
212 1794 396 1883 καθάρσεις
421 1793 602 1880 οίκεῐόντι
630 1799 767 1882 ἔχουσα,
795 1792 879 1862 ὥστε
903 1793 947 1882 μῆ
972 1793 1154 1883 άλλοτρίως

92 1921 119 1963 15
134 1898 334 1969 ἀνακεῖσθαι
365 1903 410 1991 τῷ
445 1900 673 1991 καθαρωτάτῳ
703 1902 760 1969 καὶ
788 1902 1043 1992 καυστικωτάτῳ
1073 1905 1154 1991 θεῷ.

132 2006 216 2094 τάχα
240 2007 277 2075 δὲ
299 2005 411 2075 καὶτὸ
432 2004 541 2094 όνομα
560 2004 677 2093 αὐτῆς,
703 2009 909 2094 προστρέχον
930 2031 999 2088 πως
1017 2011 1063 2099 τῷ
1083 2012 1154 2075 δια-

133 2119 284 2201 φαίνειν,
309 2113 501 2199 ἐπιτηδείαν
524 2111 631 2197 αύτῆν
654 2114 790 2198 ἐποίησε
812 2113 896 2199 πρὸς
918 2112 976 2193 τὰς
998 2120 1155 2200 μαντείας

132 2303 189 2362 ὑπὸ
204 2303 255 2362 τὸν
269 2302 341 2375 άὲρα
355 2302 543 2361 άποδίδονται
558 2308 712 2376 δαιμονίαν
727 2305 784 2360 αΝ
794 2325 819 2360 κ.
834 2326 858 2359 τ.
873 2326 896 2360 τ.
912 2309 934 2372 ζ.
951 2304 982 2361 δὲ
1001 2303 1100 2376 φωνὰς
1114 2302 1155 2361 δν

133 2374 223 2441 αύτὸς
236 2378 293 2432 τῶν
309 2374 369 2432 άλλ.
384 2374 451 2465 σύμ.
466 2372 563 2446 ψόφος
580 2376 640 2431 ίδία
658 2372 689 2430 τό
710 2376 898 2446 ξηραίνεσθαι
913 2379 966 2447 [χρ.
982 2373 1030 2433 ύπ,
1045 2398 1069 2434 τ.
1084 2399 1111 2432 α.
1127 2399 1153 2432 α.

134 2451 174 2521 δ.]
193 2466 208 2504 e
230 2448 279 2503 καὶ
302 2445 369 2510 τούς
388 2451 451 2519 (τας
468 2448 522 2536 Νη)
541 2469 564 2503 τ.
585 2451 606 2514 ζ.
627 2444 726 2518 φωνάς
748 2447 798 2501 καί
820 2443 887 2509 τοὺς
910 2444 972 2515 (τάς
989 2449 1075 2520 N2B)
1099 2451 1156 2503 τῶν

135 2517 228 2575 άλλων
247 2538 314 2590 σωμ.
333 2516 450 2589 ψόφους
468 2521 517 2574 δια
536 2540 560 2574 τ.
578 2521 601 2584 ξ.
621 2540 645 2589 χ.
664 2513 722 2573 ὑπὸ
741 2514 836 2589 ([ύπδ]
856 2518 892 2588 G)
911 2539 933 2575 τ.
955 2540 981 2575 α.
1001 2516 1156 2575 άποδιδόν·

135 2611 182 2653 τος
204 2589 254 2646 καὶ
277 2592 431 2659 δαιμονίως
449 2585 522 2660 Νχλί
540 2621 576 2630 -
601 2596 624 2644 1.
650 2583 783 2651 ὡσαύτως
800 2585 867 2651 τούς
888 2590 924 2644 de
946 2593 1044 2645 nostre
1062 2593 1154 2647 conie-

135 2663 216 2716 ctura
234 2660 395 2730 scripsimus
414 2692 448 2700 -
473 2666 497 2714 2.
522 2661 721 2731 ξηραίνεσθαι]
746 2661 973 2726 κραδαίνεσθαιθ
994 2693 1027 2702 ·-
1052 2669 1075 2716 3.
1095 2682 1156 2717 ποι-

136 2732 250 2802 οὖντος]
268 2737 375 2786 ποιεῖν
389 2763 422 2770 -
437 2736 462 2786 4.
478 2736 503 2784 ὅ.
522 2730 572 2784 καὶ
584 2731 711 2785 Μουσῶν
731 2728 883 2795 ἐπίσκοπος
902 2732 990 2788 Schm.
1009 2765 1045 2774 -
1064 2739 1090 2787 σε
1107 2735 1156 2788 καὶ

136 2831 249 2908 [αύτδς]
265 2853 279 2892 e
297 2869 331 2877 -
354 2838 467 2903 παίζειν
492 2837 528 2890 be
550 2838 684 2900 παιδείας
706 2835 731 2892 α’
755 2837 789 2909 V„
809 2822 898 2910 παιύῆ
916 2841 926 2894 ί
950 2871 982 2880 -
1007 2847 1031 2897 6.
1052 2836 1084 2894 ἐκ
1103 2837 1156 2909 γάρ

135 2927 180 2962 τοι
193 2906 334 2963 Μουσέων
349 2909 394 2964 Os.
415 2904 448 2962 ἐκ
461 2903 516 2976 γάρ
530 2927 574 2962 τοι
588 2904 720 2978 μουσάων
734 2911 774 2963 ab
794 2908 826 2964 ἐκ
845 2906 899 2979 χάρ
916 2908 1048 2980 μουσάων
1062 2927 1077 2965 ο
1090 2911 1156 2964 Hes,

110 3042 113 3046 Δ
138 2980 190 3033 Te.
198 2984 234 3033 94
248 2980 307 3047 (sed
316 2980 350 3035 ef.
360 2978 576 3035 Boissonadium
590 2979 700 3035 adeum
710 2981 740 3050 l.)
751 3012 785 3020 -
797 2987 820 3036 ⁷.
838 2980 917 3036 ἔασιν
932 2979 980 3036 ἐπὶ
992 2982 1077 3052 χθονὶ
1087 2979 1113 3034 α’
1120 2981 1155 3051 V2

136 3048 218 3104 ἔασιν
237 3046 282 3104 ἐπὶ
297 3049 393 3120 χθόνα
405 3051 447 3121 N2
463 3051 528 3106 Hes.
546 3051 642 3123 Ἠνιορ.
658 3056 700 3120 95,
720 3051 769 3106 ubi
784 3052 900 3108 Guietus
920 3054 949 3106 et
962 3053 1056 3107 Herm.
1071 3053 1161 3119 χθονί

137 3120 289 3190 legendum
305 3137 450 3191 censuere,
470 3120 533 3176 ἔασι
550 3119 739 3192 καταχθόνιοι
758 3124 808 3177 lec
828 3155 861 3164 —
881 3123 1022 3210 βασιλῆες]
1042 3125 1156 3189 κιθαρι-

138 3194 213 3246 σταί
235 3188 269 3246 ἐκ
288 3190 319 3246 δὲ
334 3189 404 3255 Διὸς
424 3195 553 3264 βασιλῆες
566 3194 632 3248 Hes.
647 3225 682 3234 —
701 3201 726 3249 8.
747 3188 840 3248 αὐτόν
854 3194 962 3263 LV2N
977 3194 1053 3264 αυτῷ
1068 3191 1157 3266 Νηθό

138 3294 172 3303 -
192 3268 217 3317 9.
237 3259 268 3318 τὸ
287 3261 499 3333 μουσικώτατον
513 3295 546 3304 -
562 3261 660 3336 [εἶναι]
675 3262 743 3336 a'V2
761 3295 795 3306 —
811 3271 852 3318 11.
865 3259 956 3350 χροάν
970 3260 1038 3335 a'V⁹
1059 3267 1156 3333 χρείαν

138 3334 281 3390 ele-12.
296 3329 446 3407 άειθαλὲς]
461 3331 558 3396 άειδὲς
572 3337 624 3389 ί-
642 3341 683 3390 13.
699 3331 888 3396 εύεκκαυστος
901 3354 943 3396 τις
955 3335 998 3389 Os.
1009 3337 1049 3390 αί.
1065 3367 1098 3376 -
1114 3342 1156 3390 16.

138 3405 309 3474 προστρέχον
324 3406 412 3475 (sede
426 3406 605 3476 postmodum
616 3407 726 3474 intrus.)
735 3406 763 3459 B
777 3403 1033 3478 τιροτρὲχονίῖὗλί2
1043 3408 1081 3460 M
1090 3426 1157 3473 προ-

138 3473 246 3543 τρέχων
259 3477 324 3530 ΝΡ
334 3477 385 3548 V1e
396 3508 428 3518 —
441 3495 500 3538 πως
512 3475 563 3548 τῷ]
578 3474 648 3545 πρὸς
661 3473 693 3530 τὸ
704 3477 731 3530 G
741 3481 828 3530 -16,
845 3482 885 3531 17.
900 3477 1062 3550 διαβαίνειν
1072 3479 1157 3548 αΝχα
