<?xml version="1.0" encoding="UTF-8"?>
<!DOCTYPE html PUBLIC "-//W3C//DTD XHTML 1.0 Transitional//EN"
    "http://www.w3.org/TR/xhtml1/DTD/xhtml1-transitional.dtd">
<html xmlns="http://www.w3.org/1999/xhtml" xml:lang="en" lang="en">
 <head>
  <title>
</title>
<meta http-equiv="Content-Type" content="text/html;charset=utf-8" />
  <meta name='ocr-system' content='tesseract 3.04.00' />
  <meta name='ocr-capabilities' content='ocr_page ocr_carea ocr_par ocr_line ocrx_word'/>
</head>
<body>
  <div class='ocr_page' id='page_1' title='image "./cornvtitheologi00corngoog/cornvtitheologi00corngoog_0059.png"; bbox 0 0 2490 3848; ppageno 0'>
   <div class='ocr_carea' id='block_1_1' title="bbox 126 193 934 278">
    <p class='ocr_par' dir='ltr' id='par_1_1' title="bbox 126 193 934 278">
     <span class='ocr_line' id='line_1_1' title="bbox 126 193 934 278; baseline -0.004 -13"><span class='ocrx_word' id='word_1_1' title='bbox 126 213 169 278; x_wconf 78' lang='lat'><strong><em>32</em></strong></span> <span class='ocrx_word' id='word_1_2' title='bbox 521 212 746 267; x_wconf 70' lang='grc' dir='ltr'><strong><em>Κοεειοενου</em></strong></span> <span class='ocrx_word' id='word_1_3' title='bbox 800 233 807 238; x_wconf 61' lang='grc'><strong>»</strong></span> <span class='ocrx_word' id='word_1_4' title='bbox 926 193 934 200; x_wconf 87' lang='grc'><strong>’</strong></span> 
     </span>
    </p>
   </div>
   <div class='ocr_carea' id='block_1_2' title="bbox 3 351 1148 2771">
    <p class='ocr_par' dir='ltr' id='par_1_2' title="bbox 3 351 1148 2771">
     <span class='ocr_line' id='line_1_2' title="bbox 126 351 1141 441; baseline -0.001 -19"><span class='ocrx_word' id='word_1_5' title='bbox 126 352 334 440; x_wconf 82' lang='grc' dir='ltr'><strong><em>ὑπονοητέου</em></strong></span> <span class='ocrx_word' id='word_1_6' title='bbox 357 353 544 441; x_wconf 76' lang='grc' dir='ltr'><strong><em>Προμηθέα</em></strong></span> <span class='ocrx_word' id='word_1_7' title='bbox 571 357 728 441; x_wconf 79' lang='grc' dir='ltr'><strong><em>εἰρῆσθαι</em></strong></span> <span class='ocrx_word' id='word_1_8' title='bbox 756 351 817 437; x_wconf 81' lang='grc' dir='ltr'><strong><em>την</em></strong></span> <span class='ocrx_word' id='word_1_9' title='bbox 845 351 1058 440; x_wconf 74' lang='grc' dir='ltr'><strong><em>προμήθειαν</em></strong></span> <span class='ocrx_word' id='word_1_10' title='bbox 1083 378 1141 438; x_wconf 93' lang='grc' dir='ltr'><strong><em>της</em></strong></span> 
     </span>
     <span class='ocr_line' id='line_1_3' title="bbox 127 442 1142 547; baseline 0 -20"><span class='ocrx_word' id='word_1_11' title='bbox 127 462 164 527; x_wconf 88' lang='grc' dir='ltr'><strong><em>έν</em></strong></span> <span class='ocrx_word' id='word_1_12' title='bbox 191 471 262 539; x_wconf 82' lang='grc' dir='ltr'><strong><em>τοῖς</em></strong></span> <span class='ocrx_word' id='word_1_13' title='bbox 289 457 381 538; x_wconf 83' lang='grc' dir='ltr'><strong><em>ὅλοις</em></strong></span> <span class='ocrx_word' id='word_1_14' title='bbox 407 462 530 547; x_wconf 77' lang='grc' dir='ltr'><strong><em>ψυχῆς,</em></strong></span> <span class='ocrx_word' id='word_1_15' title='bbox 560 455 604 545; x_wconf 77' lang='grc' dir='ltr'><strong><em>ἢν</em></strong></span> <span class='ocrx_word' id='word_1_16' title='bbox 631 456 790 527; x_wconf 80' lang='grc' dir='ltr'><strong><em>ἐκάλεσαν</em></strong></span> <span class='ocrx_word' id='word_1_17' title='bbox 818 442 853 527; x_wconf 70' lang='lat' dir='ltr'><strong><em>&#39;ot</em></strong></span> <span class='ocrx_word' id='word_1_18' title='bbox 878 457 1035 547; x_wconf 79' lang='grc' dir='ltr'><strong><em>νεάτεροι</em></strong></span> <span class='ocrx_word' id='word_1_19' title='bbox 1062 459 1142 544; x_wconf 91' lang='grc' dir='ltr'><strong><em>πρό-</em></strong></span> 
     </span>
     <span class='ocr_line' id='line_1_4' title="bbox 128 561 1141 652; baseline -0.001 -21"><span class='ocrx_word' id='word_1_20' title='bbox 128 586 239 633; x_wconf 90' lang='grc' dir='ltr'><strong><em>νοιαν·</em></strong></span> <span class='ocrx_word' id='word_1_21' title='bbox 261 561 344 633; x_wconf 83' lang='grc' dir='ltr'><strong><em>κατά</em></strong></span> <span class='ocrx_word' id='word_1_22' title='bbox 363 563 427 652; x_wconf 77' lang='grc' dir='ltr'><strong><em>γάρ</em></strong></span> <span class='ocrx_word' id='word_1_23' title='bbox 445 563 569 650; x_wconf 81' lang='grc' dir='ltr'><strong><em>ταύτην</em></strong></span> <span class='ocrx_word' id='word_1_24' title='bbox 587 563 628 632; x_wconf 89' lang='grc' dir='ltr'><strong><em>τά</em></strong></span> <span class='ocrx_word' id='word_1_25' title='bbox 647 591 681 633; x_wconf 86' lang='grc' dir='ltr'><strong><em>τε</em></strong></span> <span class='ocrx_word' id='word_1_26' title='bbox 699 562 785 633; x_wconf 85' lang='grc' dir='ltr'><strong><em>άλλα</em></strong></span> <span class='ocrx_word' id='word_1_27' title='bbox 803 565 932 650; x_wconf 75' lang='grc' dir='ltr'><strong><em>ἐγένετο</em></strong></span> <span class='ocrx_word' id='word_1_28' title='bbox 950 565 1006 633; x_wconf 80' lang='grc' dir='ltr'><strong><em>καὶ</em></strong></span> <span class='ocrx_word' id='word_1_29' title='bbox 1030 566 1065 632; x_wconf 82' lang='grc' dir='ltr'><strong><em>ἐκ</em></strong></span> <span class='ocrx_word' id='word_1_30' title='bbox 1083 569 1141 650; x_wconf 77' lang='grc' dir='ltr'><strong><em>τῆς</em></strong></span> 
     </span>
     <span class='ocr_line' id='line_1_5' title="bbox 36 668 1142 758; baseline 0 -20"><span class='ocrx_word' id='word_1_31' title='bbox 36 743 38 747; x_wconf 62' lang='grc'>,</span> <span class='ocrx_word' id='word_1_32' title='bbox 128 673 188 757; x_wconf 77' lang='grc' dir='ltr'><strong><em>γῆς</em></strong></span> <span class='ocrx_word' id='word_1_33' title='bbox 207 675 336 757; x_wconf 81' lang='grc' dir='ltr'><strong><em>ἔφυσαν</em></strong></span> <span class='ocrx_word' id='word_1_34' title='bbox 356 673 390 738; x_wconf 86' lang='grc' dir='ltr'><strong><em>οί</em></strong></span> <span class='ocrx_word' id='word_1_35' title='bbox 406 668 600 757; x_wconf 71' lang='grc' dir='ltr'><strong><em>ἅνθρωποι,</em></strong></span> <span class='ocrx_word' id='word_1_36' title='bbox 623 672 816 756; x_wconf 71' lang='grc' dir='ltr'><strong><em>ἐπιτηδείως</em></strong></span> <span class='ocrx_word' id='word_1_37' title='bbox 832 669 917 758; x_wconf 85' lang='grc' dir='ltr'><strong><em>πρὸς</em></strong></span> <span class='ocrx_word' id='word_1_38' title='bbox 930 673 1029 739; x_wconf 72' lang='grc' dir='ltr'><strong><em>τοῦτο</em></strong></span> <span class='ocrx_word' id='word_1_39' title='bbox 1048 670 1142 757; x_wconf 79' lang='grc' dir='ltr'><strong><em>έηού-</em></strong></span> 
     </span>
     <span class='ocr_line' id='line_1_6' title="bbox 100 775 1142 865; baseline 0.004 -25"><span class='ocrx_word' id='word_1_40' title='bbox 100 799 189 864; x_wconf 79' lang='grc' dir='ltr'><strong><em>εσης</em></strong></span> <span class='ocrx_word' id='word_1_41' title='bbox 210 775 376 865; x_wconf 74' lang='grc' dir='ltr'><strong><em>καταρχὰς</em></strong></span> <span class='ocrx_word' id='word_1_42' title='bbox 397 780 456 863; x_wconf 80' lang='grc' dir='ltr'><strong><em>της</em></strong></span> <span class='ocrx_word' id='word_1_43' title='bbox 477 780 539 845; x_wconf 84' lang='grc' dir='ltr'><strong><em>τοῦ</em></strong></span> <span class='ocrx_word' id='word_1_44' title='bbox 561 775 691 864; x_wconf 88' lang='grc' dir='ltr'><strong><em>κόσμου</em></strong></span> <span class='ocrx_word' id='word_1_45' title='bbox 709 776 906 857; x_wconf 78' lang='grc' dir='ltr'><strong><em>συστάσεως.</em></strong></span> <span class='ocrx_word' id='word_1_46' title='bbox 944 778 1085 862; x_wconf 80' lang='grc' dir='ltr'><strong><em>[λέγεται</em></strong></span> <span class='ocrx_word' id='word_1_47' title='bbox 1105 777 1142 844; x_wconf 78' lang='grc' dir='ltr'><strong><em>δὲ</em></strong></span> 
     </span>
     <span class='ocr_line' id='line_1_7' title="bbox 128 879 1142 974; baseline -0.002 -22"><span class='ocrx_word' id='word_1_48' title='bbox 128 884 183 952; x_wconf 81' lang='grc' dir='ltr'><strong><em>καὶ</em></strong></span> <span class='ocrx_word' id='word_1_49' title='bbox 207 887 363 952; x_wconf 74' lang='grc' dir='ltr'><strong><em>συνεῖναί</em></strong></span> <span class='ocrx_word' id='word_1_50' title='bbox 382 904 461 950; x_wconf 86' lang='grc' dir='ltr'><strong><em>ποτε</em></strong></span> <span class='ocrx_word' id='word_1_51' title='bbox 488 885 534 974; x_wconf 78' lang='grc' dir='ltr'><strong><em>τῷ</em></strong></span> <span class='ocrx_word' id='word_1_52' title='bbox 558 887 622 949; x_wconf 80' lang='grc' dir='ltr'><strong><em>Διί</em></strong></span> <span class='ocrx_word' id='word_1_53' title='bbox 642 879 662 950; x_wconf 87' lang='grc' dir='ltr'>ὁ</span> <span class='ocrx_word' id='word_1_54' title='bbox 685 882 902 969; x_wconf 78' lang='grc' dir='ltr'><strong><em>Προμηθεύς·</em></strong></span> <span class='ocrx_word' id='word_1_55' title='bbox 932 887 1056 969; x_wconf 74' lang='grc' dir='ltr'><strong><em>πολλῆς</em></strong></span> <span class='ocrx_word' id='word_1_56' title='bbox 1076 882 1142 969; x_wconf 64' lang='grc' dir='ltr'><strong><em>γάρ</em></strong></span> 
     </span>
     <span class='ocr_line' id='line_1_8' title="bbox 127 985 1142 1079; baseline -0.003 -20"><span class='ocrx_word' id='word_1_57' title='bbox 127 995 337 1079; x_wconf 72' lang='grc' dir='ltr'><strong><em>προμηθείας</em></strong></span> <span class='ocrx_word' id='word_1_58' title='bbox 358 993 447 1056; x_wconf 82' lang='grc' dir='ltr'><strong><em>πᾶσα</em></strong></span> <span class='ocrx_word' id='word_1_59' title='bbox 470 988 531 1075; x_wconf 71' lang='grc' dir='ltr'><strong><em>μὲν</em></strong></span> <span class='ocrx_word' id='word_1_60' title='bbox 560 985 643 1076; x_wconf 77' lang='grc' dir='ltr'><strong><em>άρχη</em></strong></span> <span class='ocrx_word' id='word_1_61' title='bbox 670 989 727 1056; x_wconf 83' lang='grc' dir='ltr'><strong><em>καὶ</em></strong></span> <span class='ocrx_word' id='word_1_62' title='bbox 754 995 939 1074; x_wconf 80' lang='grc' dir='ltr'><strong><em>προστασία</em></strong></span> <span class='ocrx_word' id='word_1_63' title='bbox 965 989 1142 1074; x_wconf 76' lang='grc' dir='ltr'><strong><em>πλειόνων,</em></strong></span> 
     </span>
     <span class='ocr_line' id='line_1_9' title="bbox 130 1085 1143 1184; baseline -0.003 -18"><span class='ocrx_word' id='word_1_64' title='bbox 130 1085 271 1184; x_wconf 88' lang='grc' dir='ltr'><strong><em>μάλιστα</em></strong></span> <span class='ocrx_word' id='word_1_65' title='bbox 295 1095 333 1164; x_wconf 76' lang='grc' dir='ltr'><strong><em>δὲ</em></strong></span> <span class='ocrx_word' id='word_1_66' title='bbox 355 1092 376 1182; x_wconf 77' lang='grc' dir='ltr'><em>ἡ</em></span> <span class='ocrx_word' id='word_1_67' title='bbox 399 1099 460 1163; x_wconf 82' lang='grc' dir='ltr'><strong><em>τοῦ</em></strong></span> <span class='ocrx_word' id='word_1_68' title='bbox 484 1091 569 1173; x_wconf 89' lang='grc' dir='ltr'><strong><em>Διὸς</em></strong></span> <span class='ocrx_word' id='word_1_69' title='bbox 592 1097 719 1178; x_wconf 70' lang='grc' dir='ltr'><strong><em>δεῖται]</em></strong></span> <span class='ocrx_word' id='word_1_70' title='bbox 752 1095 809 1162; x_wconf 77' lang='grc' dir='ltr'><strong><em>καί</em></strong></span> <span class='ocrx_word' id='word_1_71' title='bbox 831 1095 949 1176; x_wconf 80' lang='grc' dir='ltr'><strong><em>κλέψαι</em></strong></span> <span class='ocrx_word' id='word_1_72' title='bbox 979 1098 1019 1164; x_wconf 84' lang='grc' dir='ltr'><strong><em>δέ</em></strong></span> <span class='ocrx_word' id='word_1_73' title='bbox 1039 1116 1143 1182; x_wconf 81' lang='grc' dir='ltr'><strong><em>φασιν</em></strong></span> 
     </span>
     <span class='ocr_line' id='line_1_10' title="bbox 130 1196 1142 1289; baseline -0.001 -19"><span class='ocrx_word' id='word_1_74' title='bbox 130 1199 235 1270; x_wconf 80' lang='grc' dir='ltr'><strong><em>αὐτὸν</em></strong></span> <span class='ocrx_word' id='word_1_75' title='bbox 258 1201 297 1270; x_wconf 89' lang='grc' dir='ltr'><strong><em>τὸ</em></strong></span> <span class='ocrx_word' id='word_1_76' title='bbox 320 1205 386 1288; x_wconf 87' lang='grc' dir='ltr'><strong><em>πῦρ</em></strong></span> <span class='ocrx_word' id='word_1_77' title='bbox 409 1214 480 1280; x_wconf 77' lang='grc' dir='ltr'><strong><em>τοῖς</em></strong></span> <span class='ocrx_word' id='word_1_78' title='bbox 501 1198 713 1286; x_wconf 68' lang='grc' dir='ltr'><strong><em>ἀνθρώποις,</em></strong></span> <span class='ocrx_word' id='word_1_79' title='bbox 741 1196 786 1279; x_wconf 77' lang='grc' dir='ltr'><strong><em>ὡς</em></strong></span> <span class='ocrx_word' id='word_1_80' title='bbox 813 1204 871 1286; x_wconf 77' lang='grc' dir='ltr'><strong><em>τῆς</em></strong></span> <span class='ocrx_word' id='word_1_81' title='bbox 896 1198 1055 1289; x_wconf 77' lang='grc' dir='ltr'><strong><em>ἡμετέρας</em></strong></span> <span class='ocrx_word' id='word_1_82' title='bbox 1077 1201 1142 1288; x_wconf 81' lang='grc' dir='ltr'><strong><em>η’δη</em></strong></span> 
     </span>
     <span class='ocr_line' id='line_1_11' title="bbox 90 1304 1144 1395; baseline 0.006 -26"><span class='ocrx_word' id='word_1_83' title='bbox 90 1330 116 1370; x_wconf 80' lang='grc' dir='ltr'><strong><em>ιο</em></strong></span> <span class='ocrx_word' id='word_1_84' title='bbox 130 1308 297 1387; x_wconf 85' lang='grc' dir='ltr'><strong><em>συνέσεως</em></strong></span> <span class='ocrx_word' id='word_1_85' title='bbox 322 1308 377 1375; x_wconf 82' lang='grc' dir='ltr'><strong><em>καὶ</em></strong></span> <span class='ocrx_word' id='word_1_86' title='bbox 404 1312 567 1395; x_wconf 79' lang='grc' dir='ltr'><strong><em>προνοίας</em></strong></span> <span class='ocrx_word' id='word_1_87' title='bbox 594 1304 817 1392; x_wconf 84' lang='grc' dir='ltr'><strong><em>έπινοησάσης</em></strong></span> <span class='ocrx_word' id='word_1_88' title='bbox 842 1304 904 1392; x_wconf 78' lang='grc' dir='ltr'><strong><em>τὴν</em></strong></span> <span class='ocrx_word' id='word_1_89' title='bbox 934 1311 1054 1393; x_wconf 77' lang='grc' dir='ltr'><strong><em>χρῆσιν</em></strong></span> <span class='ocrx_word' id='word_1_90' title='bbox 1083 1311 1144 1375; x_wconf 86' lang='grc' dir='ltr'><strong><em>τοῦ</em></strong></span> 
     </span>
     <span class='ocr_line' id='line_1_12' title="bbox 129 1411 1144 1501; baseline -0.003 -18"><span class='ocrx_word' id='word_1_91' title='bbox 129 1412 244 1501; x_wconf 86' lang='grc' dir='ltr'><strong><em>πυρός.</em></strong></span> <span class='ocrx_word' id='word_1_92' title='bbox 288 1413 531 1500; x_wconf 84' lang='grc' dir='ltr'><strong><em>κατενηνέχθαι</em></strong></span> <span class='ocrx_word' id='word_1_93' title='bbox 555 1413 593 1481; x_wconf 74' lang='grc' dir='ltr'><strong><em>δὲ</em></strong></span> <span class='ocrx_word' id='word_1_94' title='bbox 620 1411 702 1480; x_wconf 79' lang='grc' dir='ltr'><strong><em>αὐτὸ</em></strong></span> <span class='ocrx_word' id='word_1_95' title='bbox 727 1411 919 1499; x_wconf 81' lang='grc' dir='ltr'><strong><em>έμάθευσαυ</em></strong></span> <span class='ocrx_word' id='word_1_96' title='bbox 946 1415 982 1480; x_wconf 81' lang='grc' dir='ltr'><strong><em>ἐκ</em></strong></span> <span class='ocrx_word' id='word_1_97' title='bbox 1003 1416 1064 1481; x_wconf 84' lang='grc' dir='ltr'><strong><em>τοῦ</em></strong></span> <span class='ocrx_word' id='word_1_98' title='bbox 1088 1411 1144 1480; x_wconf 82' lang='grc' dir='ltr'><strong><em>οὐ·</em></strong></span> 
     </span>
     <span class='ocr_line' id='line_1_13' title="bbox 130 1515 1145 1607; baseline -0.002 -19"><span class='ocrx_word' id='word_1_99' title='bbox 130 1523 237 1606; x_wconf 84' lang='grc' dir='ltr'><strong><em>ρανοῦ</em></strong></span> <span class='ocrx_word' id='word_1_100' title='bbox 261 1517 317 1587; x_wconf 81' lang='grc' dir='ltr'><strong><em>διὰ</em></strong></span> <span class='ocrx_word' id='word_1_101' title='bbox 340 1518 378 1587; x_wconf 88' lang='grc' dir='ltr'><strong><em>τὸ</em></strong></span> <span class='ocrx_word' id='word_1_102' title='bbox 401 1516 596 1600; x_wconf 76' lang='grc' dir='ltr'><strong><em>πλεονάζειν</em></strong></span> <span class='ocrx_word' id='word_1_103' title='bbox 619 1521 689 1588; x_wconf 80' lang='grc' dir='ltr'><strong><em>ἐκεῖ</em></strong></span> <span class='ocrx_word' id='word_1_104' title='bbox 707 1515 728 1607; x_wconf 77' lang='grc' dir='ltr'>ἢ</span> <span class='ocrx_word' id='word_1_105' title='bbox 749 1519 818 1588; x_wconf 79' lang='grc' dir='ltr'><strong><em>ἐπεὶ</em></strong></span> <span class='ocrx_word' id='word_1_106' title='bbox 836 1523 872 1587; x_wconf 89' lang='grc' dir='ltr'><strong><em>οί</em></strong></span> <span class='ocrx_word' id='word_1_107' title='bbox 888 1519 1047 1607; x_wconf 83' lang='grc' dir='ltr'><strong><em>κεραυνοὶ</em></strong></span> <span class='ocrx_word' id='word_1_108' title='bbox 1066 1521 1145 1588; x_wconf 80' lang='grc' dir='ltr'><strong><em>έκεῖ-</em></strong></span> 
     </span>
     <span class='ocr_line' id='line_1_14' title="bbox 130 1622 1145 1726; baseline -0.001 -32"><span class='ocrx_word' id='word_1_109' title='bbox 130 1636 195 1694; x_wconf 89' lang='grc' dir='ltr'><strong><em>θεν</em></strong></span> <span class='ocrx_word' id='word_1_110' title='bbox 221 1624 487 1712; x_wconf 75' lang='grc' dir='ltr'><strong><em>κατασκάπτουσι</em></strong></span> <span class='ocrx_word' id='word_1_111' title='bbox 517 1624 573 1726; x_wconf 72' lang='grc' dir='ltr'><strong><em>δρά</em></strong></span> <span class='ocrx_word' id='word_1_112' title='bbox 604 1629 731 1712; x_wconf 79' lang='grc' dir='ltr'><strong><em>πληγῆς</em></strong></span> <span class='ocrx_word' id='word_1_113' title='bbox 760 1622 912 1693; x_wconf 86' lang='grc' dir='ltr'><strong><em>τάνθάδε</em></strong></span> <span class='ocrx_word' id='word_1_114' title='bbox 942 1625 1145 1710; x_wconf 82' lang='grc' dir='ltr'><strong><em>ἐξάπτοντες,</em></strong></span> 
     </span>
     <span class='ocr_line' id='line_1_15' title="bbox 57 1729 1146 1820; baseline 0.001 -21"><span class='ocrx_word' id='word_1_115' title='bbox 57 1749 59 1752; x_wconf 77' lang='grc'>’</span> <span class='ocrx_word' id='word_1_116' title='bbox 130 1731 266 1820; x_wconf 81' lang='grc' dir='ltr'><strong><em>τάχατι</em></strong></span> <span class='ocrx_word' id='word_1_117' title='bbox 289 1735 444 1800; x_wconf 79' lang='grc' dir='ltr'><strong><em>τοιοῦτον</em></strong></span> <span class='ocrx_word' id='word_1_118' title='bbox 467 1731 522 1798; x_wconf 83' lang='grc' dir='ltr'><strong><em>καὶ</em></strong></span> <span class='ocrx_word' id='word_1_119' title='bbox 552 1729 609 1798; x_wconf 86' lang='grc' dir='ltr'><strong><em>διά</em></strong></span> <span class='ocrx_word' id='word_1_120' title='bbox 632 1734 694 1799; x_wconf 81' lang='grc' dir='ltr'><strong><em>τοῦ</em></strong></span> <span class='ocrx_word' id='word_1_121' title='bbox 715 1731 887 1818; x_wconf 84' lang='grc' dir='ltr'><strong><em>νάρθηκος</em></strong></span> <span class='ocrx_word' id='word_1_122' title='bbox 912 1730 1146 1819; x_wconf 79' lang='grc' dir='ltr'><strong><em>αἰνιττόμενοι.</em></strong></span> 
     </span>
     <span class='ocr_line' id='line_1_16' title="bbox 63 1834 1146 1928; baseline 0 -23"><span class='ocrx_word' id='word_1_123' title='bbox 63 1896 65 1905; x_wconf 79' lang='grc'>,</span> <span class='ocrx_word' id='word_1_124' title='bbox 91 1857 117 1898; x_wconf 77' lang='lat'><strong><em>15</em></strong></span> <span class='ocrx_word' id='word_1_125' title='bbox 132 1838 244 1918; x_wconf 86' lang='grc' dir='ltr'><strong><em>δεθεὶς</em></strong></span> <span class='ocrx_word' id='word_1_126' title='bbox 264 1836 302 1904; x_wconf 69' lang='grc' dir='ltr'><strong><em>δὲ</em></strong></span> <span class='ocrx_word' id='word_1_127' title='bbox 326 1838 378 1905; x_wconf 76' lang='grc' dir='ltr'><strong><em>ἐπὶ</em></strong></span> <span class='ocrx_word' id='word_1_128' title='bbox 403 1838 509 1928; x_wconf 76' lang='grc' dir='ltr'><strong><em>τούτῳ</em></strong></span> <span class='ocrx_word' id='word_1_129' title='bbox 534 1834 552 1904; x_wconf 85' lang='grc' dir='ltr'>ὁ</span> <span class='ocrx_word' id='word_1_130' title='bbox 573 1835 777 1926; x_wconf 84' lang='grc' dir='ltr'><strong><em>Προμηθεὺς</em></strong></span> <span class='ocrx_word' id='word_1_131' title='bbox 796 1837 962 1924; x_wconf 82' lang='grc' dir='ltr'><strong><em>ἐκολάσθη</em></strong></span> <span class='ocrx_word' id='word_1_132' title='bbox 984 1840 1045 1906; x_wconf 83' lang='grc' dir='ltr'><strong><em>τοῦ</em></strong></span> <span class='ocrx_word' id='word_1_133' title='bbox 1062 1836 1146 1926; x_wconf 79' lang='grc' dir='ltr'><strong><em>ἥπα-</em></strong></span> 
     </span>
     <span class='ocr_line' id='line_1_17' title="bbox 130 1940 1147 2036; baseline 0 -24"><span class='ocrx_word' id='word_1_134' title='bbox 130 1970 187 2024; x_wconf 89' lang='grc' dir='ltr'><strong><em>τος</em></strong></span> <span class='ocrx_word' id='word_1_135' title='bbox 209 1941 299 2036; x_wconf 79' lang='grc' dir='ltr'><strong><em>αὐτῷ</em></strong></span> <span class='ocrx_word' id='word_1_136' title='bbox 322 1940 379 2010; x_wconf 80' lang='grc' dir='ltr'><strong><em>ὑπ’</em></strong></span> <span class='ocrx_word' id='word_1_137' title='bbox 406 1941 505 2011; x_wconf 85' lang='grc' dir='ltr'><strong><em>άετοῦ</em></strong></span> <span class='ocrx_word' id='word_1_138' title='bbox 528 1944 899 2030; x_wconf 81' lang='grc' dir='ltr'><strong><em>καταβιβρωσκομένου·</em></strong></span> <span class='ocrx_word' id='word_1_139' title='bbox 929 1940 949 2030; x_wconf 81' lang='grc' dir='ltr'><em>ἡ</em></span> <span class='ocrx_word' id='word_1_140' title='bbox 978 1942 1042 2031; x_wconf 80' lang='grc' dir='ltr'><strong><em>γάρ</em></strong></span> <span class='ocrx_word' id='word_1_141' title='bbox 1070 1941 1147 2031; x_wconf 80' lang='grc' dir='ltr'><strong><em>ἡμε-</em></strong></span> 
     </span>
     <span class='ocr_line' id='line_1_18' title="bbox 130 2049 1147 2137; baseline 0.001 -20"><span class='ocrx_word' id='word_1_142' title='bbox 130 2053 210 2136; x_wconf 84' lang='grc' dir='ltr'><strong><em>τέρα</em></strong></span> <span class='ocrx_word' id='word_1_143' title='bbox 229 2050 407 2137; x_wconf 83' lang='grc' dir='ltr'><strong><em>έντρέχεια,</em></strong></span> <span class='ocrx_word' id='word_1_144' title='bbox 424 2051 463 2118; x_wconf 87' lang='grc' dir='ltr'><strong><em>τὸ</em></strong></span> <span class='ocrx_word' id='word_1_145' title='bbox 483 2051 729 2136; x_wconf 79' lang='grc' dir='ltr'><strong><em>προειρημένον</em></strong></span> <span class='ocrx_word' id='word_1_146' title='bbox 748 2052 974 2137; x_wconf 79' lang='grc' dir='ltr'><strong><em>πλεονέκτημα</em></strong></span> <span class='ocrx_word' id='word_1_147' title='bbox 993 2049 1058 2118; x_wconf 77' lang='grc' dir='ltr'><strong><em>σὺν</em></strong></span> <span class='ocrx_word' id='word_1_148' title='bbox 1077 2063 1147 2129; x_wconf 75' lang='grc' dir='ltr'><strong><em>τοῖς</em></strong></span> 
     </span>
     <span class='ocr_line' id='line_1_19' title="bbox 132 2152 1148 2242; baseline 0.002 -22"><span class='ocrx_word' id='word_1_149' title='bbox 132 2153 246 2234; x_wconf 86' lang='grc' dir='ltr'><strong><em>άλλοις</em></strong></span> <span class='ocrx_word' id='word_1_150' title='bbox 265 2159 398 2241; x_wconf 81' lang='grc' dir='ltr'><strong><em>ἔχουσα,</em></strong></span> <span class='ocrx_word' id='word_1_151' title='bbox 416 2158 572 2242; x_wconf 86' lang='grc' dir='ltr'><strong><em>πειρᾶταί</em></strong></span> <span class='ocrx_word' id='word_1_152' title='bbox 584 2180 676 2232; x_wconf 93' lang='grc' dir='ltr'><strong><em>τινος</em></strong></span> <span class='ocrx_word' id='word_1_153' title='bbox 688 2152 766 2241; x_wconf 91' lang='grc' dir='ltr'><strong><em>παρ’</em></strong></span> <span class='ocrx_word' id='word_1_154' title='bbox 789 2153 911 2241; x_wconf 78' lang='grc' dir='ltr'><strong><em>ἑαυτὴν</em></strong></span> <span class='ocrx_word' id='word_1_155' title='bbox 926 2156 1148 2242; x_wconf 74' lang='grc' dir='ltr'><strong><em>δυσχρηστίας</em></strong></span> 
     </span>
     <span class='ocr_line' id='line_1_20' title="bbox 132 2255 1147 2347; baseline -0.001 -20"><span class='ocrx_word' id='word_1_156' title='bbox 132 2259 379 2347; x_wconf 87' lang='grc' dir='ltr'><strong><em>προσδεδεμένη</em></strong></span> <span class='ocrx_word' id='word_1_157' title='bbox 400 2271 472 2339; x_wconf 75' lang='grc' dir='ltr'><strong><em>ταῖς</em></strong></span> <span class='ocrx_word' id='word_1_158' title='bbox 489 2257 571 2327; x_wconf 85' lang='grc' dir='ltr'><strong><em>κατά</em></strong></span> <span class='ocrx_word' id='word_1_159' title='bbox 590 2258 651 2327; x_wconf 87' lang='grc' dir='ltr'><strong><em>τὸν</em></strong></span> <span class='ocrx_word' id='word_1_160' title='bbox 669 2263 747 2344; x_wconf 84' lang='grc' dir='ltr'><strong><em>βίον</em></strong></span> <span class='ocrx_word' id='word_1_161' title='bbox 766 2263 946 2344; x_wconf 84' lang='grc' dir='ltr'><strong><em>φροντίσιν</em></strong></span> <span class='ocrx_word' id='word_1_162' title='bbox 965 2255 1147 2345; x_wconf 83' lang='grc' dir='ltr'><strong><em>ὀδυνηραίς</em></strong></span> 
     </span>
     <span class='ocr_line' id='line_1_21' title="bbox 3 2360 1147 2455; baseline -0.003 -20"><span class='ocrx_word' id='word_1_163' title='bbox 3 2401 6 2408; x_wconf 69' lang='grc'><strong>’</strong></span> <span class='ocrx_word' id='word_1_164' title='bbox 93 2386 119 2427; x_wconf 72' lang='lat'><strong><em>2⁰</em></strong></span> <span class='ocrx_word' id='word_1_165' title='bbox 134 2364 250 2446; x_wconf 76' lang='grc' dir='ltr'><strong><em>οὔσαις</em></strong></span> <span class='ocrx_word' id='word_1_166' title='bbox 258 2367 314 2434; x_wconf 81' lang='grc' dir='ltr'><strong><em>καὶ</em></strong></span> <span class='ocrx_word' id='word_1_167' title='bbox 324 2364 433 2455; x_wconf 77' lang='grc' dir='ltr'><strong><em>ὥσπερ</em></strong></span> <span class='ocrx_word' id='word_1_168' title='bbox 444 2370 492 2447; x_wconf 88' lang='grc' dir='ltr'><strong><em>είς</em></strong></span> <span class='ocrx_word' id='word_1_169' title='bbox 500 2363 541 2433; x_wconf 86' lang='grc' dir='ltr'><strong><em>τά</em></strong></span> <span class='ocrx_word' id='word_1_170' title='bbox 551 2364 722 2452; x_wconf 78' lang='grc' dir='ltr'><strong><em>σπλάγχνα</em></strong></span> <span class='ocrx_word' id='word_1_171' title='bbox 731 2360 797 2432; x_wconf 82' lang='grc' dir='ltr'><strong><em>ὑπὸ</em></strong></span> <span class='ocrx_word' id='word_1_172' title='bbox 806 2368 865 2450; x_wconf 81' lang='grc' dir='ltr'><strong><em>τῆς</em></strong></span> <span class='ocrx_word' id='word_1_173' title='bbox 874 2371 1147 2453; x_wconf 86' lang='grc' dir='ltr'><strong><em>λεπτομεριμνίας</em></strong></span> 
     </span>
     <span class='ocr_line' id='line_1_22' title="bbox 133 2466 1147 2561; baseline -0.001 -20"><span class='ocrx_word' id='word_1_174' title='bbox 133 2473 429 2561; x_wconf 77' lang='grc' dir='ltr'><strong><em>έκβιβρωσκομένη.</em></strong></span> <span class='ocrx_word' id='word_1_175' title='bbox 475 2469 626 2558; x_wconf 81' lang='grc' dir='ltr'><strong><em>ἀδελφὸν</em></strong></span> <span class='ocrx_word' id='word_1_176' title='bbox 653 2467 686 2538; x_wconf 89' lang='grc' dir='ltr'><strong><em>δ’</em></strong></span> <span class='ocrx_word' id='word_1_177' title='bbox 712 2474 842 2558; x_wconf 82' lang='grc' dir='ltr'><strong><em>ἔφασαν</em></strong></span> <span class='ocrx_word' id='word_1_178' title='bbox 871 2466 957 2537; x_wconf 79' lang='grc' dir='ltr'><strong><em>εἶναι</em></strong></span> <span class='ocrx_word' id='word_1_179' title='bbox 980 2468 1147 2557; x_wconf 78' lang='grc' dir='ltr'><strong><em>νεώτερον</em></strong></span> 
     </span>
     <span class='ocr_line' id='line_1_23' title="bbox 132 2571 1148 2666; baseline 0 -20"><span class='ocrx_word' id='word_1_180' title='bbox 132 2583 194 2647; x_wconf 83' lang='grc' dir='ltr'><strong><em>τοῦ</em></strong></span> <span class='ocrx_word' id='word_1_181' title='bbox 213 2579 425 2666; x_wconf 80' lang='grc' dir='ltr'><strong><em>Προμηθέως</em></strong></span> <span class='ocrx_word' id='word_1_182' title='bbox 442 2577 502 2647; x_wconf 86' lang='grc' dir='ltr'><strong><em>τὸν</em></strong></span> <span class='ocrx_word' id='word_1_183' title='bbox 517 2575 718 2664; x_wconf 85' lang='grc' dir='ltr'><strong><em>Ἐπιμηθέα,</em></strong></span> <span class='ocrx_word' id='word_1_184' title='bbox 737 2571 961 2663; x_wconf 80' lang='grc' dir='ltr'><strong><em>εὐηθέστερόν</em></strong></span> <span class='ocrx_word' id='word_1_185' title='bbox 979 2600 1048 2658; x_wconf 80' lang='grc' dir='ltr'><strong><em>πως</em></strong></span> <span class='ocrx_word' id='word_1_186' title='bbox 1067 2575 1148 2646; x_wconf 80' lang='grc' dir='ltr'><strong><em>ὅντα</em></strong></span> 
     </span>
     <span class='ocr_line' id='line_1_24' title="bbox 133 2680 1147 2771; baseline 0.002 -21"><span class='ocrx_word' id='word_1_187' title='bbox 133 2684 194 2751; x_wconf 85' lang='grc' dir='ltr'><strong><em>τὸν</em></strong></span> <span class='ocrx_word' id='word_1_188' title='bbox 216 2682 342 2771; x_wconf 89' lang='grc' dir='ltr'><strong><em>τρόπον</em></strong></span> <span class='ocrx_word' id='word_1_189' title='bbox 364 2682 421 2752; x_wconf 84' lang='grc' dir='ltr'><strong><em>διά</em></strong></span> <span class='ocrx_word' id='word_1_190' title='bbox 444 2682 481 2751; x_wconf 90' lang='grc' dir='ltr'><strong><em>τὸ</em></strong></span> <span class='ocrx_word' id='word_1_191' title='bbox 505 2696 679 2769; x_wconf 78' lang='grc' dir='ltr'><strong><em>προτερεῖν</em></strong></span> <span class='ocrx_word' id='word_1_192' title='bbox 702 2685 742 2770; x_wconf 76' lang='grc' dir='ltr'><strong><em>τη</em></strong></span> <span class='ocrx_word' id='word_1_193' title='bbox 765 2680 855 2761; x_wconf 81' lang='grc' dir='ltr'><strong><em>τάξει</em></strong></span> <span class='ocrx_word' id='word_1_194' title='bbox 877 2680 939 2768; x_wconf 80' lang='grc' dir='ltr'><strong><em>τὴν</em></strong></span> <span class='ocrx_word' id='word_1_195' title='bbox 960 2682 1147 2770; x_wconf 86' lang='grc' dir='ltr'><strong><em>προόρασιν</em></strong></span> 
     </span>
    </p>
   </div>
   <div class='ocr_carea' id='block_1_3' title="bbox 134 2871 1151 3501">
    <p class='ocr_par' dir='ltr' id='par_1_3' title="bbox 134 2871 1151 3501">
     <span class='ocr_line' id='line_1_25' title="bbox 207 2871 1149 2963; baseline -0.001 -31"><span class='ocrx_word' id='word_1_196' title='bbox 207 2883 270 2932; x_wconf 80' lang='lat'><strong>1.2.</strong></span> <span class='ocrx_word' id='word_1_197' title='bbox 288 2873 341 2947; x_wconf 81' lang='grc' dir='ltr'><strong><em>τὴν</em></strong></span> <span class='ocrx_word' id='word_1_198' title='bbox 360 2873 392 2932; x_wconf 84' lang='grc' dir='ltr'><strong><em>έν</em></strong></span> <span class='ocrx_word' id='word_1_199' title='bbox 410 2878 442 2949; x_wconf 76' lang='grc' dir='ltr'><strong><em>τῇ</em></strong></span> <span class='ocrx_word' id='word_1_200' title='bbox 462 2878 518 2932; x_wconf 80' lang='grc' dir='ltr'><strong><em>τῶν</em></strong></span> <span class='ocrx_word' id='word_1_201' title='bbox 536 2871 609 2932; x_wconf 81' lang='grc' dir='ltr'><strong><em>ὅλων</em></strong></span> <span class='ocrx_word' id='word_1_202' title='bbox 628 2877 705 2948; x_wconf 75' lang='grc' dir='ltr'><strong><em>ψυχῇ</em></strong></span> <span class='ocrx_word' id='word_1_203' title='bbox 724 2879 826 2944; x_wconf 83' lang='grc' dir='ltr'><strong><em>κυρίαν</em></strong></span> <span class='ocrx_word' id='word_1_204' title='bbox 840 2893 855 2932; x_wconf 80' lang='grc' dir='ltr'><strong><em>ε</em></strong></span> <span class='ocrx_word' id='word_1_205' title='bbox 869 2909 904 2919; x_wconf 90' lang='grc'><strong>-</strong></span> <span class='ocrx_word' id='word_1_206' title='bbox 922 2883 947 2933; x_wconf 80' lang='lat'><strong><em>6.</em></strong></span> <span class='ocrx_word' id='word_1_207' title='bbox 967 2873 1040 2933; x_wconf 84' lang='grc' dir='ltr'><strong><em>κατά</em></strong></span> <span class='ocrx_word' id='word_1_208' title='bbox 1059 2872 1149 2963; x_wconf 68' lang='grc' dir='ltr'><strong><em>άρηάς</em></strong></span> 
     </span>
     <span class='ocr_line' id='line_1_26' title="bbox 135 2943 1148 3020; baseline -0.002 -17"><span class='ocrx_word' id='word_1_209' title='bbox 135 2948 161 3003; x_wconf 78' lang='lat' dir='ltr'><strong><em>G</em></strong></span> <span class='ocrx_word' id='word_1_210' title='bbox 180 2980 213 2988; x_wconf 85' lang='lat'><em>—</em></span> <span class='ocrx_word' id='word_1_211' title='bbox 234 2946 293 3020; x_wconf 71' lang='grc' dir='ltr'><strong><em>[δὲ]</em></strong></span> <span class='ocrx_word' id='word_1_212' title='bbox 307 2950 344 3005; x_wconf 79' lang='lat' dir='ltr'><strong><em>bc</em></strong></span> <span class='ocrx_word' id='word_1_213' title='bbox 363 2979 396 2989; x_wconf 90' lang='lat'>-</span> <span class='ocrx_word' id='word_1_214' title='bbox 415 2955 440 3004; x_wconf 84' lang='lat'><strong><em>8.</em></strong></span> <span class='ocrx_word' id='word_1_215' title='bbox 460 2947 564 3018; x_wconf 75' lang='grc' dir='ltr'><strong><em>κλέψαι</em></strong></span> <span class='ocrx_word' id='word_1_216' title='bbox 582 2945 627 3019; x_wconf 68' lang='grc' dir='ltr'><strong><em>δέ]</em></strong></span> <span class='ocrx_word' id='word_1_217' title='bbox 647 2951 688 3002; x_wconf 89' lang='grc' dir='ltr'><strong><em>κλ.</em></strong></span> <span class='ocrx_word' id='word_1_218' title='bbox 707 2945 760 3018; x_wconf 73' lang='grc' dir='ltr'><strong><em>μὲν</em></strong></span> <span class='ocrx_word' id='word_1_219' title='bbox 774 2943 798 3002; x_wconf 80' lang='grc' dir='ltr'><strong><em>δ’</em></strong></span> <span class='ocrx_word' id='word_1_220' title='bbox 814 2979 847 2991; x_wconf 90' lang='grc'>-</span> <span class='ocrx_word' id='word_1_221' title='bbox 867 2955 891 3005; x_wconf 87' lang='grc'><strong><em>8.</em></strong></span> <span class='ocrx_word' id='word_1_222' title='bbox 907 2955 931 3004; x_wconf 79' lang='grc'><strong><em>9.</em></strong></span> <span class='ocrx_word' id='word_1_223' title='bbox 948 2970 974 3005; x_wconf 90' lang='grc' dir='ltr'><strong><em>α.</em></strong></span> <span class='ocrx_word' id='word_1_224' title='bbox 995 2949 1066 3017; x_wconf 76' lang='grc' dir='ltr'><strong><em>φασὶ</em></strong></span> <span class='ocrx_word' id='word_1_225' title='bbox 1084 2948 1099 3002; x_wconf 82' lang='lat' dir='ltr'><strong><em>b</em></strong></span> <span class='ocrx_word' id='word_1_226' title='bbox 1115 2978 1148 2988; x_wconf 90' lang='lat'>-</span> 
     </span>
     <span class='ocr_line' id='line_1_27' title="bbox 137 3013 1149 3090; baseline -0.003 -15"><span class='ocrx_word' id='word_1_227' title='bbox 137 3026 178 3075; x_wconf 89' lang='lat'><strong><em>11.</em></strong></span> <span class='ocrx_word' id='word_1_228' title='bbox 198 3015 395 3087; x_wconf 74' lang='grc' dir='ltr'><strong><em>ἐμαθεάσαντο</em></strong></span> <span class='ocrx_word' id='word_1_229' title='bbox 414 3019 460 3075; x_wconf 81' lang='lat' dir='ltr'><strong><em>Ge</em></strong></span> <span class='ocrx_word' id='word_1_230' title='bbox 474 3049 508 3060; x_wconf 90' lang='grc'>-</span> <span class='ocrx_word' id='word_1_231' title='bbox 530 3025 570 3076; x_wconf 81' lang='lat'><strong><em>14.</em></strong></span> <span class='ocrx_word' id='word_1_232' title='bbox 589 3017 637 3073; x_wconf 82' lang='grc' dir='ltr'><strong><em>διά</em></strong></span> <span class='ocrx_word' id='word_1_233' title='bbox 658 3019 733 3090; x_wconf 82' lang='grc' dir='ltr'><strong><em>[τοῦ]</em></strong></span> <span class='ocrx_word' id='word_1_234' title='bbox 752 3015 837 3090; x_wconf 84' lang='grc' dir='ltr'><strong><em>νάρθ.</em></strong></span> <span class='ocrx_word' id='word_1_235' title='bbox 859 3019 903 3076; x_wconf 75' lang='lat' dir='ltr'><strong><em>Oe.</em></strong></span> <span class='ocrx_word' id='word_1_236' title='bbox 922 3021 962 3074; x_wconf 81' lang='lat' dir='ltr'><strong><em>ed.</em></strong></span> <span class='ocrx_word' id='word_1_237' title='bbox 984 3049 1015 3059; x_wconf 86' lang='lat'><strong><em>·-</em></strong></span> <span class='ocrx_word' id='word_1_238' title='bbox 1037 3023 1078 3072; x_wconf 83' lang='lat'><strong><em>16.</em></strong></span> <span class='ocrx_word' id='word_1_239' title='bbox 1098 3013 1149 3072; x_wconf 82' lang='grc' dir='ltr'><strong><em>αά-</em></strong></span> 
     </span>
     <span class='ocr_line' id='line_1_28' title="bbox 134 3084 1148 3160; baseline -0.001 -17"><span class='ocrx_word' id='word_1_240' title='bbox 134 3091 185 3146; x_wconf 80' lang='grc' dir='ltr'><strong><em>τοῦ</em></strong></span> <span class='ocrx_word' id='word_1_241' title='bbox 202 3091 273 3146; x_wconf 80' lang='grc' dir='ltr'><strong><em>Χθσ</em></strong></span> <span class='ocrx_word' id='word_1_242' title='bbox 291 3122 325 3132; x_wconf 90' lang='grc'>-</span> <span class='ocrx_word' id='word_1_243' title='bbox 347 3097 388 3147; x_wconf 87' lang='lat'><strong><em>18.</em></strong></span> <span class='ocrx_word' id='word_1_244' title='bbox 407 3091 635 3160; x_wconf 75' lang='grc' dir='ltr'><strong><em>δυσηρηστείαςυ</em></strong></span> <span class='ocrx_word' id='word_1_245' title='bbox 654 3121 687 3130; x_wconf 90' lang='grc'><strong>-</strong></span> <span class='ocrx_word' id='word_1_246' title='bbox 706 3096 749 3144; x_wconf 77' lang='lat'><strong><em>20.</em></strong></span> <span class='ocrx_word' id='word_1_247' title='bbox 768 3086 890 3158; x_wconf 74' lang='grc' dir='ltr'><strong><em>ὡσπερεί</em></strong></span> <span class='ocrx_word' id='word_1_248' title='bbox 908 3085 956 3158; x_wconf 75' lang='grc' dir='ltr'><strong><em>(ὥς</em></strong></span> <span class='ocrx_word' id='word_1_249' title='bbox 969 3087 1033 3157; x_wconf 75' lang='grc' dir='ltr'><strong><em>περὶ</em></strong></span> <span class='ocrx_word' id='word_1_250' title='bbox 1049 3087 1094 3154; x_wconf 86' lang='grc' dir='ltr'><strong><em>Χ)</em></strong></span> <span class='ocrx_word' id='word_1_251' title='bbox 1113 3084 1148 3142; x_wconf 87' lang='grc' dir='ltr'><strong><em>τά</em></strong></span> 
     </span>
     <span class='ocr_line' id='line_1_29' title="bbox 135 3157 1148 3232; baseline -0.005 -16"><span class='ocrx_word' id='word_1_252' title='bbox 135 3157 208 3216; x_wconf 87' lang='grc' dir='ltr'><strong><em>σπλά</em></strong></span> <span class='ocrx_word' id='word_1_253' title='bbox 227 3182 279 3231; x_wconf 75' lang='grc' dir='ltr'><strong><em>χνα</em></strong></span> <span class='ocrx_word' id='word_1_254' title='bbox 297 3180 316 3217; x_wconf 89' lang='grc' dir='ltr'><strong><em>α</em></strong></span> <span class='ocrx_word' id='word_1_255' title='bbox 334 3193 368 3202; x_wconf 89' lang='lat'>-</span> <span class='ocrx_word' id='word_1_256' title='bbox 386 3157 443 3217; x_wconf 72' lang='grc' dir='ltr'><strong><em>ὑπὸ</em></strong></span> <span class='ocrx_word' id='word_1_257' title='bbox 461 3162 512 3230; x_wconf 81' lang='grc' dir='ltr'><strong><em>τῆς</em></strong></span> <span class='ocrx_word' id='word_1_258' title='bbox 530 3179 548 3215; x_wconf 89' lang='grc' dir='ltr'><strong><em>α</em></strong></span> <span class='ocrx_word' id='word_1_259' title='bbox 571 3157 603 3216; x_wconf 70' lang='grc' dir='ltr'><strong><em>ἐκ</em></strong></span> <span class='ocrx_word' id='word_1_260' title='bbox 629 3159 678 3232; x_wconf 91' lang='grc' dir='ltr'><strong><em>[τ.]</em></strong></span> <span class='ocrx_word' id='word_1_261' title='bbox 697 3161 734 3216; x_wconf 83' lang='lat' dir='ltr'><strong><em>bc</em></strong></span> <span class='ocrx_word' id='word_1_262' title='bbox 758 3191 792 3201; x_wconf 91' lang='lat'>-</span> <span class='ocrx_word' id='word_1_263' title='bbox 810 3159 1061 3230; x_wconf 75' lang='grc' dir='ltr'><strong><em>κλεπτομεριμνίας</em></strong></span> <span class='ocrx_word' id='word_1_264' title='bbox 1079 3159 1095 3212; x_wconf 85' lang='lat' dir='ltr'><strong><em>b</em></strong></span> <span class='ocrx_word' id='word_1_265' title='bbox 1115 3190 1148 3200; x_wconf 93' lang='grc'>-</span> 
     </span>
     <span class='ocr_line' id='line_1_30' title="bbox 135 3181 1150 3304; baseline -0.001 -17"><span class='ocrx_word' id='word_1_266' title='bbox 135 3239 178 3288; x_wconf 79' lang='lat'><strong><em>21.</em></strong></span> <span class='ocrx_word' id='word_1_267' title='bbox 204 3181 446 3304; x_wconf 73' lang='grc' dir='ltr'><strong><em>έκβιβρασκομίνη</em></strong></span> <span class='ocrx_word' id='word_1_268' title='bbox 466 3232 526 3301; x_wconf 77' lang='grc' dir='ltr'><strong><em>(σεδ</em></strong></span> <span class='ocrx_word' id='word_1_269' title='bbox 544 3250 562 3300; x_wconf 90' lang='grc' dir='ltr'><strong><em>η</em></strong></span> <span class='ocrx_word' id='word_1_270' title='bbox 579 3231 599 3287; x_wconf 84' lang='lat' dir='ltr'><strong><em>i.</em></strong></span> <span class='ocrx_word' id='word_1_271' title='bbox 618 3232 637 3285; x_wconf 91' lang='lat' dir='ltr'><strong><em>l.</em></strong></span> <span class='ocrx_word' id='word_1_272' title='bbox 657 3247 694 3288; x_wconf 83' lang='lat' dir='ltr'><strong><em>er.</em></strong></span> <span class='ocrx_word' id='word_1_273' title='bbox 713 3232 753 3301; x_wconf 88' lang='grc' dir='ltr'><strong><em>Β)</em></strong></span> <span class='ocrx_word' id='word_1_274' title='bbox 775 3231 823 3286; x_wconf 84' lang='grc' dir='ltr'><strong><em>Βα</em></strong></span> <span class='ocrx_word' id='word_1_275' title='bbox 846 3226 1105 3300; x_wconf 73' lang='grc' dir='ltr'><strong><em>έκβιβρωσκομένης</em></strong></span> <span class='ocrx_word' id='word_1_276' title='bbox 1123 3231 1150 3286; x_wconf 74' lang='lat' dir='ltr'><strong><em>G</em></strong></span> 
     </span>
     <span class='ocr_line' id='line_1_31' title="bbox 136 3298 1151 3389; baseline -0.001 -32"><span class='ocrx_word' id='word_1_277' title='bbox 136 3298 395 3374; x_wconf 73' lang='grc' dir='ltr'><strong><em>ίκβιρρασκόμενος</em></strong></span> <span class='ocrx_word' id='word_1_278' title='bbox 413 3303 473 3371; x_wconf 79' lang='lat' dir='ltr'><strong>(sed</strong></span> <span class='ocrx_word' id='word_1_279' title='bbox 491 3322 522 3365; x_wconf 81' lang='grc' dir='ltr'><strong><em>ος</em></strong></span> <span class='ocrx_word' id='word_1_280' title='bbox 541 3303 559 3358; x_wconf 85' lang='lat' dir='ltr'><strong><em>i.</em></strong></span> <span class='ocrx_word' id='word_1_281' title='bbox 574 3302 592 3356; x_wconf 81' lang='lat' dir='ltr'><strong><em>l.</em></strong></span> <span class='ocrx_word' id='word_1_282' title='bbox 612 3305 661 3373; x_wconf 81' lang='lat' dir='ltr'>er.)</span> <span class='ocrx_word' id='word_1_283' title='bbox 676 3302 711 3357; x_wconf 85' lang='lat' dir='ltr'><em>N</em></span> <span class='ocrx_word' id='word_1_284' title='bbox 726 3298 973 3389; x_wconf 80' lang='grc' dir='ltr'><strong><em>έμβιβρυσκομένη</em></strong></span> <span class='ocrx_word' id='word_1_285' title='bbox 992 3299 1053 3369; x_wconf 74' lang='grc' dir='ltr'><strong><em>(τεά</em></strong></span> <span class='ocrx_word' id='word_1_286' title='bbox 1071 3320 1101 3370; x_wconf 87' lang='grc' dir='ltr'><strong><em>·η</em></strong></span> <span class='ocrx_word' id='word_1_287' title='bbox 1120 3303 1151 3356; x_wconf 89' lang='lat' dir='ltr'><strong><em>in</em></strong></span> 
     </span>
     <span class='ocr_line' id='line_1_32' title="bbox 140 3368 1148 3501; baseline 0.001 -76"><span class='ocrx_word' id='word_1_288' title='bbox 140 3372 167 3425; x_wconf 86' lang='lat' dir='ltr'><strong><em>V</em></strong></span> <span class='ocrx_word' id='word_1_289' title='bbox 179 3378 233 3441; x_wconf 69' lang='grc' dir='ltr'><strong><em>αθ)</em></strong></span> <span class='ocrx_word' id='word_1_290' title='bbox 252 3393 271 3429; x_wconf 90' lang='grc' dir='ltr'><strong><em>α</em></strong></span> <span class='ocrx_word' id='word_1_291' title='bbox 285 3405 318 3415; x_wconf 94' lang='grc'>-</span> <span class='ocrx_word' id='word_1_292' title='bbox 337 3368 416 3429; x_wconf 82' lang='grc' dir='ltr'><strong><em>νεάτ.</em></strong></span> <span class='ocrx_word' id='word_1_293' title='bbox 432 3371 506 3429; x_wconf 79' lang='grc' dir='ltr'><strong><em>εἶναι</em></strong></span> <span class='ocrx_word' id='word_1_294' title='bbox 525 3373 585 3426; x_wconf 86' lang='lat' dir='ltr'><strong><em>VP</em></strong></span> <span class='ocrx_word' id='word_1_295' title='bbox 602 3369 678 3501; x_wconf 59' lang='lat' dir='ltr'><strong><em>[le</em></strong></span> <span class='ocrx_word' id='word_1_296' title='bbox 693 3391 830 3442; x_wconf 85' lang='grc' dir='ltr'><strong><em>νεατερον</em></strong></span> <span class='ocrx_word' id='word_1_297' title='bbox 846 3372 878 3425; x_wconf 90' lang='grc' dir='ltr'><strong><em>Χ</em></strong></span> <span class='ocrx_word' id='word_1_298' title='bbox 891 3400 924 3412; x_wconf 89' lang='lat'><strong><em>·-</em></strong></span> <span class='ocrx_word' id='word_1_299' title='bbox 939 3377 982 3429; x_wconf 76' lang='lat'><strong><em>23.</em></strong></span> <span class='ocrx_word' id='word_1_300' title='bbox 1001 3377 1148 3443; x_wconf 83' lang='grc' dir='ltr'><strong><em>προτερεῖν</em></strong></span> 
     </span>
    </p>
   </div>
   <div class='ocr_carea' id='block_1_4' title="bbox 138 3440 718 3516">
    <p class='ocr_par' dir='ltr' id='par_1_4' title="bbox 138 3440 718 3516">
     <span class='ocr_line' id='line_1_33' title="bbox 138 3440 718 3516; baseline 0.007 -21"><span class='ocrx_word' id='word_1_301' title='bbox 138 3440 161 3495; x_wconf 90' lang='lat'><em>0</em></span> <span class='ocrx_word' id='word_1_302' title='bbox 179 3444 343 3515; x_wconf 80' lang='grc' dir='ltr'><strong><em>προτρέχειν</em></strong></span> <span class='ocrx_word' id='word_1_303' title='bbox 359 3444 404 3502; x_wconf 78' lang='lat' dir='ltr'><strong><em>Os.</em></strong></span> <span class='ocrx_word' id='word_1_304' title='bbox 418 3446 458 3501; x_wconf 80' lang='grc' dir='ltr'><strong><em>τά.</em></strong></span> <span class='ocrx_word' id='word_1_305' title='bbox 478 3440 634 3516; x_wconf 75' lang='grc' dir='ltr'><strong><em>πρωτεύειν</em></strong></span> <span class='ocrx_word' id='word_1_306' title='bbox 676 3445 718 3500; x_wconf 82' lang='grc' dir='ltr'><strong><em>κίε</em></strong></span> 
     </span>
    </p>
   </div>
   <div class='ocr_carea' id='block_1_5' title="bbox 0 0 1262 3848">
    <p class='ocr_par' dir='ltr' id='par_1_5' title="bbox 0 0 1262 3848">
     <span class='ocr_line' id='line_1_34' title="bbox 0 0 1262 3848; baseline 0 0"><span class='ocrx_word' id='word_1_307' title='bbox 0 0 1262 3848; x_wconf 95' lang='lat' dir='ltr'><strong><em> </em></strong></span> 
     </span>
    </p>
   </div>
  </div>
 </body>
</html>
