2490 3848
129 228 173 290 44
529 228 754 282 KOPNOTTOT

129 367 241 456 φοράν
269 366 356 436 εἶναι
388 369 540 456 καθάπερ
568 374 681 449 ἵπποις
709 367 804 456 ἡμῶν
832 384 904 449 ταῖς
931 370 1031 439 ναυσὶ
1061 397 1144 457 χρω-

129 479 256 565 μένων,
285 477 445 544 ἐντεύθεν
467 475 533 564 ἤδη
556 477 611 543 καὶ
635 477 816 544 ἐπίσκοπον
840 473 944 548 αὐτὸν
967 475 1055 544 εἶναι
1078 481 1145 544 των

129 587 240 650 ἵππων
269 583 551 668 παραδεξαμένων
579 584 647 649 τῶν
677 580 758 669 μετὰ
787 587 899 650 ταῦτα.
950 583 1078 669 λέγεται
1108 581 1145 649 δέ

130 689 219 778 παρά
241 709 309 757 τισι
328 690 383 756 καὶ
401 688 615 775 νυμφαγέτης
637 687 692 755 καὶ
710 692 897 775 κρηνοόχος
915 688 973 756 διὰ
990 687 1048 768 τὰς
1066 713 1146 774 προ-

103 798 306 885 εειρημένας
327 799 447 873 αἰτίας·
479 792 610 880 νύμφαι
637 792 701 880 γάρ
729 799 815 861 είσιν
844 798 881 862 αἱ
905 798 973 863 των
996 799 1146 882 ποτίμων

129 898 264 970 ὑδάτων
294 905 412 987 πηγαί,
443 898 507 968 άπὸ
538 905 599 968 τοῦ
629 897 681 968 άεὶ
711 902 785 968 νέαι
815 907 1002 988 φαίνεσθαι
1023 897 1051 988 ἢ
1080 898 1145 968 άπὸ

130 1013 189 1077 τού
217 1013 354 1094 φαίνειν
382 1005 488 1088 οὕτως
519 1004 761 1093 ὠνομασμέναι.
812 1006 884 1093 [τὰς
914 1007 952 1075 δὲ
981 1009 1147 1094 γαμουμέ-

130 1141 191 1193 νας
218 1114 353 1201 νύμφας
380 1116 541 1181 καλούσιν
573 1110 638 1180 άπὸ
673 1116 734 1181 τοῦ
764 1116 830 1181 νῦν
861 1112 1001 1200 πρώτως
1035 1119 1148 1200 φαίνε-

131 1228 214 1287 σθαι
236 1221 464 1306 κρυπτομένας
486 1218 589 1303 τέως]
635 1215 752 1286 τοῦδ’
777 1216 883 1287 αὐτοῦ
911 1220 1015 1304 λόγου
1042 1225 1148 1305 ἔχεται

92 1352 117 1392 10
131 1325 186 1392 καὶ
209 1324 246 1393 τὸ
266 1328 483 1405 Ποσειδῶνος
506 1324 583 1393 υίὸν
607 1322 694 1395 εἶναι
712 1323 772 1393 τὸν
792 1324 972 1411 Πήγασον,
995 1322 1060 1391 άπὸ
1079 1328 1148 1392 τῶν

131 1435 248 1516 πηγῶν
272 1426 522 1518 ὠνομασμένον.
569 1428 625 1498 διά
655 1429 692 1498 δὲ
719 1428 781 1517 τὴν
803 1430 1045 1516 θεωρουμένην
1068 1435 1148 1515 βίαν

130 1538 205 1623 περὶ
233 1534 295 1622 τὴν
322 1535 493 1605 θάλατταν
516 1537 572 1603 καὶ
594 1536 721 1616 πάντας
747 1535 826 1615 τούς
852 1541 985 1622 βιαίους
1011 1537 1066 1603 καὶ
1094 1562 1148 1623 με-

131 1641 394 1730 γαλεπιβούίους
412 1643 624 1729 γενομένους,
648 1638 693 1720 ὡς
715 1640 775 1708 τὸν
799 1639 968 1709 Κύκλωπα
992 1642 1047 1708 καὶ
1069 1640 1149 1721 τοὺς

132 1746 386 1836 Λαιστρυγόνας
412 1748 468 1815 καὶ
497 1745 574 1827 τοὺς
602 1745 793 1833 Ἆλωείδας,
823 1751 1041 1827 Ποσειδῶνος
1072 1747 1148 1834 ἐμύ-

93 1879 119 1920 ιι
132 1866 262 1924 θεοσαν
286 1852 447 1939 ἐκγόνους
470 1850 565 1922 εἶναι.

199 2004 224 2046 ο.
243 1983 295 2047 23.
323 1975 358 2045 Ὁ
379 1979 417 2046 δὲ
435 1976 591 2065 Νηρεὺς
613 1976 634 2066 ἡ
653 1978 803 2047 θάλαττά
824 1981 907 2062 ἐστι,
926 1982 1047 2047 τοῦτον
1067 1977 1150 2047 τόνο-

131 2087 282 2173 μασμένη
305 2082 366 2152 τὸν
389 2084 515 2169 τρόπον
538 2082 608 2152 άπὸ
627 2089 688 2152 τοῦ
711 2094 847 2153 νεῖσθαι
874 2083 919 2151 δι’
946 2082 1057 2171 αὑτῆς.
1093 2112 1150 2152 κα-

131 2195 229 2259 λοῦσι
252 2189 290 2258 δέ
313 2189 374 2257 τὸν
393 2179 510 2278 Νηρέα
532 2190 588 2256 καὶ
611 2187 708 2257 άλιον
728 2192 870 2275 γέροντα
893 2189 950 2257 διδι
973 2189 1011 2258 τὸ
1036 2188 1147 2276 ὥσπερ

130 2295 252 2365 πολιὰν
276 2298 438 2365 ἐπανθεῖν
466 2308 536 2375 τοῖς
555 2289 693 2381 κύμασι
707 2294 768 2362 τόν
796 2294 924 2382 άφρόν·
951 2297 1007 2362 καὶ
1035 2294 1099 2382 γάρ
1128 2294 1148 2382 ἡ

91 2424 118 2464 2⁰
132 2404 308 2471 Λευκοθέα
331 2400 487 2470 τοιοῦτόν
508 2427 539 2469 τι
559 2402 729 2489 ἐμφαίνει,
751 2399 824 2487 ἥτις
847 2406 976 2487 λέγεται
995 2399 1149 2488 θυγάτηρ

132 2509 273 2596 Νηρέως
295 2507 396 2594 εἶναι,
421 2510 579 2595 δηλονότι
600 2505 638 2575 τό
663 2506 784 2576 λευκὸν
807 2510 869 2576 τοῦ
892 2506 1014 2595 άφροῦ.

198 2659 223 2702 ο.
248 2638 300 2701 24.
341 2631 501 2701 Πιθανὸν
529 2632 566 2700 δέ
592 2632 648 2700 καὶ
675 2632 737 2718 τὴν
762 2631 1000 2721 Ἀφροδίτην
1030 2632 1074 2720 μὴ
1102 2631 1148 2700 δι’

132 2737 213 2807 Ino
244 2765 273 2806 τι
305 2738 560 2827 παραδεδόσθαι
591 2752 772 2825 γεγονυῖαν
805 2741 841 2806 ἐν
873 2743 913 2828 τῇ
946 2739 1096 2829 θαλάττη
1129 2737 1149 2827 ἢ

132 2844 245 2931 ἐπειδὴ
265 2843 349 2935 πρὸς
365 2843 403 2913 τὸ
421 2843 529 2913 πάντα
548 2846 707 2930 γενέσθαι
726 2844 889 2931 κινήσεως
908 2848 1032 2914 δεῖκαὶ
1048 2845 1150 2933 ύγρα-

203 3046 227 3095 5.
247 3059 340 3109 ποτοιμ
341 3039 490 3095 ίωνθ-
511 3046 552 3095 10
573 3047 614 3095 11
634 3035 692 3094 άπὸ
711 3037 744 3094 δὲ
763 3041 819 3094 τῶν
838 3059 903 3109 πηγ.
917 3040 999 3095 Ν-
1021 3045 1062 3094 12.
1081 3040 1147 3106 περὶ

131 3110 228 3195 τ.([τ;]
245 3110 283 3178 L)
297 3060 445 3165 θάλασσαν
460 3129 478 3166 α
492 3107 570 3178 παρά
588 3108 640 3180 τὴν
655 3108 804 3164 θάλασσαν
823 3113 908 3167 δο-
929 3116 970 3164 12.
988 3116 1029 3164 13.
1049 3114 1149 3179 μεγαῖ

132 3180 282 3273 επιβόλονς
305 3198 319 3236 α
340 3181 464 3269 Τοκφίαε
482 3181 633 3237 δῖννντ-
656 3187 696 3236 14
712 3175 856 3270 Ἀίωείδας
872 3182 915 3236 08.
935 3178 1150 3241 άλωίδαςίΝΒ

131 3248 254 3315 &auidae
273 3253 340 3323 cM
360 3249 492 3314 άίωάδας
514 3251 547 3323 V¹
568 3246 702 3313 άλωάδας
719 3249 745 3306 α’
765 3247 885 3315 άῖαίδας
903 3251 929 3305 G

202 3323 303 3378 XXIII.
329 3331 370 3378 16.
390 3291 619 3409 &dluoouq-
640 3330 681 3378 16
702 3329 744 3378 17.
769 3339 903 3406 ονομαομ
905 3319 967 3382 ένος
987 3319 1086 3377 οο-
1108 3330 1149 3379 17.

136 3388 177 3446 δι’
192 3413 281 3461 αντης
295 3393 467 3449 Βῖαάινιιωιό
480 3388 520 3447 δι
532 3388 587 3447 αύτ
587 3393 705 3463 5190-
723 3399 765 3447 19.
778 3387 920 3447 πελιδνά
932 3391 966 3462 V
985 3389 1151 3448 πολιὸνίύο

205 3463 304 3518 XXIV.
328 3470 371 3518 28.
395 3460 626 3534 θαλάσσηθ-
649 3469 691 3518 24.
715 3459 786 3532 πρὸς
804 3460 835 3516 τό
859 3458 893 3516 τά
913 3459 1051 3532 πάνταγ.
1072 3459 1148 3535 b'N
