2490 3848
137 212 181 278 54
390 225 395 235 “
530 215 754 268 ΚΟΡΝΟΊΤΟΤ

136 355 189 423 ἐπὶ
212 357 386 443 πτερωτῶν
410 354 606 449 δρακόντων
629 352 735 441 ὄχημα
759 359 816 440 τῆς
836 353 1022 440 Δήμητρος.
1062 359 1148 422 ἔοικε

135 460 199 548 γὰρ
227 460 357 544 πρῶτός
387 487 437 540 τις
467 465 536 530 των
564 464 716 529 παλαιῶν
748 464 883 548 δρακεῖν
911 461 966 527 καὶ
996 462 1147 554 συνιέναι

135 570 221 634 θεοῦ
244 593 335 646 τινος
358 567 410 635 ἐπὶ
433 567 679 654 μετεωροτέραν
703 568 854 634 ἐπίνοιαν
879 564 1148 652 ἄναβιβόσαντος

134 670 194 740 τὸν
212 671 466 761 μεταχειρισμδν
479 677 538 760 τής
554 677 676 760 κριδής
690 677 715 757 [,
730 668 770 740 δν
789 670 915 758 τρόπον
930 677 1073 758 τρίβεταὶ
1091 673 1147 740 καὶ

109 786 122 838 3
137 782 339 864 διακρίνεται
362 776 433 862 [διὰ
450 781 511 847 τοῦ
530 783 578 859 είς
595 777 656 847 τὸν
674 776 756 865 ἀέρα
774 775 1066 865 ἄναρριπτεῖσδαι]
1081 775 1145 846 ἀπὸ

133 886 202 951 νῦν
225 881 388 971 ῦχύρων]·
411 884 481 968 [διδ
501 887 557 953 καὶ
574 884 669 973 κριδς
688 887 879 971 ἐπιτηδείως
900 889 965 972 ἔχει
983 883 1067 969 πρὸς
1085 882 1147 970 τήν

134 988 292 1077 σποράν]
326 990 486 1058 ἐντεῦθεν
510 990 548 1058 δδ
570 990 632 1076 τήν
656 987 845 1075 ὀνομασίαν
867 997 1017 1077 εἴληφεν,
1042 988 1147 1074 ὁτρί-

133 1104 199 1174 νας
221 1093 279 1176 τὰς
298 1092 410 1174 οὐλάς·
435 1093 532 1164 οὐλαὶ
552 1094 589 1162 δὲ
609 1097 762 1181 λέγονται
786 1098 823 1161 αί
844 1097 976 1181 κριθαί·
997 1094 1146 1164 Έλεοσὶν

134 1198 172 1268 δὲ
195 1197 213 1267 ό
236 1200 350 1286 τόπος,
375 1198 461 1268 ὅπου
482 1201 620 1288 πραόνως
642 1198 841 1287 εὑρέθησαν.
883 1199 1023 1287 [ἐκλήθη
1046 1200 1102 1268 καὶ
1126 1198 1146 1286 ἡ

94 1322 120 1400 10
133 1303 296 1390 Δημήτηρ
315 1302 501 1372 Ἐλενσινία
524 1302 589 1374 ἀπὸ
612 1308 670 1391 τής
688 1302 812 1374 αὐτόθι
835 1310 968 1391 πρῶτον
987 1305 1148 1383 ἐλεύσεως

132 1411 314 1497 γενομένης
331 1423 401 1490 τοῖς
419 1407 615 1497 ἀνθρώποις
628 1417 675 1492 είς
689 1409 911 1499 ἀνθρώπινον
926 1410 1030 1490 όντως
1043 1416 1145 1498 βίον]

132 1514 279 1600 ἁρπάσαι
298 1514 329 1584 δ’
348 1513 365 1584 ὁ
386 1515 503 1604 ’Ἅιδης
520 1517 583 1604 τήν
602 1521 772 1604 θυγατέρα
794 1522 853 1604 τής
871 1517 1050 1605 Δήμητρος
1070 1520 1146 1603 έμν-

131 1621 246 1709 δεόδη
271 1621 327 1709 διδ
349 1621 409 1691 τὸν
432 1622 614 1710 γινόμενον
638 1625 690 1692 ἐπὶ
712 1624 840 1712 χρόνον
862 1651 938 1693 τινα
958 1626 1026 1691 τῦν
1050 1642 1146 1709 σπερ-

132 1727 246 1814 μοίτων
269 1727 352 1799 κατδι
374 1731 435 1815 γής
458 1725 661 1816 ἀφανισμόν.
704 1729 944 1815 προσεπλάσδη
969 1726 1001 1796 δ’
1027 1725 1047 1814 ή
1071 1755 1146 1796 κατ-

92 1847 118 1890 15
131 1832 233 1921 ήφεια
254 1838 313 1921 τής
334 1839 420 1902 θεοῦ
443 1836 499 1902 καὶ
526 1831 547 1921 ή
571 1833 627 1902 διὰ
654 1840 716 1903 τοῦ
739 1835 868 1923 κόσμον
896 1834 1035 1921 ζήτησις.
1079 1861 1146 1902 τοι-

130 1941 233 2006 οῦτον
260 1939 325 2027 γάρ
348 1965 380 2006 τι
407 1940 464 2006 καὶ
490 1936 568 2026 παρ’
594 1944 790 2026 Αἰγυπτίοις
818 1938 849 2008 δ·
866 1940 1064 2028 ζητούμενος
1091 1941 1146 2008 καὶ

130 2040 411 2131 ἄνενρισκόμενος
437 2043 503 2124 ὑπὸ
530 2048 588 2131 τής
607 2043 735 2124 Ἴσιδος
750 2044 879 2132 Ὄσιρις
907 2049 1060 2133 ἐμφαίνει
1090 2046 1145 2113 καὶ

129 2146 220 2236 παρὰ
245 2151 399 2230 Φοίνιξιν
422 2146 440 2215 δ
465 2146 530 2216 ἀνὰ
553 2151 653 2236 μέρος
675 2148 753 2236 παρ’
781 2153 814 2232 ἓξ
837 2153 944 2237 μήνας
971 2149 1055 2236 ὑπὲρ
1079 2155 1143 2236 γήν

129 2276 165 2321 τε
184 2254 240 2320 καλ
258 2251 323 2321 ὑπὸ
342 2256 407 2340 γήν
425 2253 602 2340 γινόμενος
616 2251 775 2339 Ἄδωνις,
795 2252 860 2321 ἀπὸ
879 2258 940 2323 τοῦ
959 2253 1055 2323 ἁδεῖν
1074 2267 1145 2334 τοῖς

91 2375 118 2415 2⁰
132 2357 328 2449 ἀνθρώποις
351 2356 457 2440 οῦτως
475 2355 715 2445 ὠνομασμένον
733 2363 794 2429 τοῦ
810 2363 1049 2446 Δημητριακοῦ
1068 2385 1145 2446 καρ-

129 2468 205 2533 ποῦ.
250 2468 371 2534 τοῦτον
400 2464 438 2533 δέ
465 2463 588 2554 πλήξας
614 2463 740 2552 κόπρος
768 2461 900 2533 ἀνελεῖν
927 2465 1055 2549 λέγεται
1087 2464 1143 2533 διὰ

129 2568 167 2637 τδ
190 2569 248 2650 τὰς
274 2563 314 2649 ῦς
341 2574 455 2638 δοκεῖν
482 2568 745 2656 ληιβότειραςί
713 2566 843 2657 εναιή
871 2567 931 2638 τὸν
958 2573 1016 2656 τής
1039 2568 1145 2652 ὕνεως

201 2727 376 2797 λδρακεῖν]
395 2729 515 2796 δραμεῖν
533 2729 610 2783 lc·-
616 2729 849 2853 4τρῖξεταιῑ
816 2730 1043 2796 -διακρίνεται
1061 2731 1144 2800 Ιιααιγ

129 2795 280 2870 τριβομένη
300 2797 615 2885 -διακρινομόνηθ
664 2805 679 2854 6
731 2793 812 2855 ost'
793 2796 907 2870 αχόρων
926 2800 1033 2884 aliquid
1048 2801 1144 2857 deesse

130 2870 226 2924 censet
243 2868 363 2923 Gale
388 2865 433 2922 διὸ
457 2867 506 2922 καλ
524 2863 671 2924 αἶ”όδεν
690 2869 739 2924 καλ
756 2869 879 2924 Lbc
904 2890 921 2924 κ
922 2866 982 2939 ριός
1000 2871 1114 2942 aNlt
1085 2874 1143 2956 οῖ

129 2933 216 3009 κριθή
236 2935 306 3009 δ’ρΝ
314 2955 380 2994 ο-
400 2945 424 2994 8.
446 2936 636 3002 ἐλεοσλςο-
659 2945 683 2996 9.
703 2937 758 2996 έκλ.
783 2940 815 2995 δὲ
835 2961 859 2995 ν.
879 2891 977 2997 ίίρ-ο
1001 2910 1144 2996 101'352211

13 3084 20 3095 ν
129 3027 200 3071 σεως
222 2978 502 3097 aNc⁸⁸159b⁶sch
527 3005 583 3078 εῦρ.
607 3011 708 3082 N-
735 3016 777 3067 15
802 3016 843 3066 16.
867 3012 996 3092 τοιοῦταν
1021 3008 1074 3098 ηάρ
1100 3030 1144 3065 τοι

128 3080 247 3135 Lbe-
268 3085 310 3134 19
330 3076 414 3134 διδεῑν
431 3080 466 3135 Ν
469 3080 527 3134 ΡΒ
545 3031 629 3170 ᾅδειν
636 3049 686 3134 Μ
693 3080 760 3151 V(?)
779 3077 861 3136 ῦδειν
881 3098 950 3136 corr.
968 3082 999 3136 in
1017 3083 1099 3135 αδειν
1118 3081 1144 3135 G

128 3145 212 3205 όδτιν
226 3151 325 3205 Lc—
344 3155 385 3205 20
406 3145 608 3222 ὠνομασμένον
627 3154 650 3219 (-
638 3172 683 3214 -ος
700 3152 733 3206 N
737 3153 805 3222 Vc
824 3168 895 3207 unus
910 3152 985 3206 Εαδ.
1004 3152 1073 3218 cod.)
1092 3152 1143 3205 τοῦ

128 3221 322 3308 δημητριακοῦ
350 3222 569 3308 (δημητρειακοῦ
591 3222 637 3278 Nl
661 3223 834 3306 δημητρικοῦ
853 3224 908 3346 M)
932 3221 1045 3309 καρποῦ
1070 3222 1144 3277 αΝο

128 3286 328 3379 ὠνομασμένος
341 3289 431 3346 τὸνδ.
447 3289 642 3362 uaqndvb'-
657 3299 699 3348 21.
714 3295 816 3348 τοῦτον
834 3291 866 3346 δὲ
885 3288 992 3360 πλήξας
1011 3294 1090 3360 (-ασα
1106 3293 1144 3361 Ρ)

127 3357 236 3450 κόπρος
254 3357 366 3418 ανελεῖν
385 3381 403 3418 α
403 3360 450 3434 'V
475 3363 576 3418 τοῦτον
599 3358 671 3418 δὲ
655 3384 689 3426 νς
712 3360 818 3432 πλήξας
835 3361 885 3417 καλ
908 3367 1092 3450 προσανελεῖν
1112 3365 1142 3418 lb

129 3431 158 3502 [τ
143 3424 233 3500 π]ῦς
251 3429 299 3500 (ῦς
313 3433 415 3502 Wffl
434 3402 542 3503 πλήξας
558 3439 823 3503 προσανελεῖνο-
843 3438 884 3488 22.
905 3431 1067 3503 [δοκεῖν]λι’
