2490 3848
505 164 720 255 PRAEFATIO.
1064 221 1124 270 vu

109 352 237 413 Difficile
261 355 308 412 esi
330 352 362 410 in
384 353 440 411 hac
463 349 599 426 opusculi
622 349 799 426 conditione,
821 351 902 426 quod
920 343 1029 411 misere
1046 351 1124 410 lace-

110 445 210 501 ratum
224 443 315 516 atque
330 443 504 516 corruptum
522 441 633 514 exstat,
657 439 770 514 aliquid
787 439 995 516 pronuntiar03
1017 458 1123 501 verum

110 549 178 589 cum
191 530 268 588 illud
278 529 400 589 cornuti
411 548 494 605 opus,
509 528 589 604 quod
603 527 708 589 eodem
717 527 806 588 titulo
816 527 1123 588 afferuntTheodore·

110 621 160 678 ius
179 621 210 678 ei
228 618 471 695 Etymologioum
489 617 645 692 Magnum,
669 616 789 693 vulgari
806 617 876 676 usui
893 615 1040 676 traditum
1057 635 1124 677 esse

109 706 249 766 videatur
272 710 302 767 ei
325 726 343 766 a
365 707 469 779 multis
496 707 706 781 usurpatum.
730 752 737 766 .
760 749 786 778 .‚
813 705 975 766 videndum
1002 724 1041 764 an
1068 705 1124 766 hoo

111 814 229 870 quoque
253 814 327 871 opus
350 796 386 854 ui
408 797 455 856 ici
477 795 537 854 alia
561 795 793 870 epitomatorum
820 795 852 853 ei
880 794 1041 854 sciolorum
1061 813 1124 854 ma-

110 884 275 959 gistrorum
299 902 390 959 opera
412 884 450 943 ad
472 884 549 942 hanc
571 883 759 942 ieiunitatem
780 882 936 942 redactum
959 886 990 942 ei
1013 884 1124 942 luxatis

109 972 252 1031 membris
284 972 421 1047 maleque
452 972 565 1030 ouraiis
596 971 727 1046 iurpiter
758 968 960 1032 deformatum
987 972 1028 1031 sii
1055 1017 1063 1032 .
1086 1018 1093 1034 .
1117 1015 1125 1031 .

112 1059 211 1128 Quare
243 1059 336 1120 donec
367 1060 533 1120 accuratior
568 1059 762 1136 investigatio
798 1059 881 1119 aliud
916 1080 1021 1120 verum
1058 1079 1125 1121 esse

55 1170 57 1174 ⁴
112 1147 241 1222 docebit,
278 1148 452 1225 putabimus
487 1149 520 1208 in
555 1149 608 1208 illo
644 1148 721 1207 libro
754 1151 906 1209 servatam
938 1167 1004 1209 esse
1040 1149 1127 1225 quasi

112 1236 250 1296 umbram
269 1239 432 1313 quandam,
454 1255 635 1314 quamquam
652 1255 707 1296 nec
725 1237 822 1312 ipsam
840 1238 1004 1315 integram,
1027 1238 1125 1313 operis

112 1343 131 1383 a
154 1324 301 1400 Cornuto,
324 1326 421 1386 Persii
442 1329 659 1402 praeceptore,v
672 1319 819 1388 confecii'

199 1414 249 1472 Ad
286 1432 362 1491 quae
395 1414 514 1476 ottonis
545 1407 680 1494 Jahnii¹)
717 1415 808 1474 verba
844 1415 942 1475 nescio
979 1433 1018 1474 an
1053 1415 1127 1474 haec

113 1502 266 1562 commode
297 1504 542 1579 respondeantur.
597 1503 733 1562 Primum
765 1521 867 1563 omnes
897 1504 1046 1578 epitomae
1074 1503 1127 1561 ali-
1181 1512 1186 1519 '

114 1591 185 1667 quid
209 1590 321 1651 hebent
344 1593 447 1652 sterile
470 1611 504 1652 ac
524 1591 671 1668 ieiunum3
695 1588 827 1651 Cornuto
846 1594 948 1650 autem
966 1592 1128 1666 epiiomam

113 1678 257 1739 conficere
293 1681 386 1740 fuisse
420 1681 576 1757 indignum
609 1681 676 1756 quis
708 1679 817 1754 puisi?
873 1679 969 1738 Immo
1005 1679 1128 1739 minime

114 1784 183 1824 eum
205 1768 261 1827 hoo
284 1768 387 1827 libello
411 1769 568 1830 scientiam
590 1772 622 1828 ei
644 1768 799 1844 ingenium
816 1768 911 1828 fuisse
929 1768 1129 1844 probaturum

113 1854 366 1928 locupletissimus
397 1857 486 1916 iestis
518 1860 566 1916 esi
592 1854 767 1934 ἐπιδρομῆς,
799 1857 836 1915 de
864 1875 924 1933 qua
949 1875 1022 1916 voce
1048 1857 1129 1915 infra

115 1942 173 2002 erii
204 1943 375 2020 dicendum,
408 1944 569 2003 admodum
600 1945 768 2003 modestum
795 1962 904 2003 nomen
935 1943 973 2002 ab
1007 1945 1129 2004 auctore

115 2032 257 2105 opusculo
285 2031 423 2094 inditum.
467 2032 594 2105 Deinde,
628 2032 654 2092 si
681 2030 769 2090 modo
797 2031 853 2092 hoc
879 2035 1003 2108 tangere
1033 2033 1130 2092 voluit

115 2118 208 2196 Jahn,
231 2139 318 2180 nemo
341 2122 451 2195 nescii,
475 2123 622 2196 quantum
644 2121 693 2181 vel
712 2119 877 2180 doctissimi
896 2120 1004 2181 viriet
1023 2119 1130 2180 Graeci

115 2207 147 2266 ei
162 2207 290 2268 Romani
307 2210 339 2268 in
356 2209 590 2286 interpretandis
609 2212 641 2269 et
659 2208 827 2269 derivandis
846 2209 1000 2269 vocabulis
1024 2209 1130 2269 delira·

114 2296 221 2356 verini.
268 2298 346 2356 Tum
369 2297 488 2375 quaed.
508 2298 545 2359 de
567 2297 677 2358 misera
701 2298 834 2372 opusculi
859 2298 1029 2358 condicione
1052 2298 1130 2360 voci-

115 2384 259 2459 feratur„
272 2405 318 2463 ea,
347 2390 382 2447 ui
410 2389 545 2464 profecto
573 2387 729 2463 aptissime
757 2385 868 2446 cadunt
894 2387 925 2444 in
956 2386 1129 2461 (isiconem,

117 2491 176 2549 qua
198 2474 406 2550 sciebatur,
437 2475 562 2537 Cornuti
593 2475 767 2547 editionem,
798 2473 936 2533 inutilem
967 2474 1062 2549 iliam,
1095 2478 1131 2534 ui

115 2556 377 2644 Wesiermanno²)
396 2566 504 2625 merito
519 2563 616 2638 audii,
634 2565 832 2640 farraginem,
851 2582 948 2640 neque
966 2564 1010 2623 iia
1026 2564 1131 2639 procul

117 2648 281 2711 abhorrent
304 2655 343 2713 ab
361 2651 475 2713 Osanni
492 2653 570 2712 libro
589 2672 625 2712 ex
643 2651 803 2712 Villoisoni
822 2652 938 2712 schedis
957 2652 1044 2727 quasi
1061 2671 1129 2712 oon-

118 2740 195 2812 suto,
208 2739 252 2797 iia
268 2759 409 2818 magnam
423 2743 543 2819 quidem
561 2744 679 2817 partem
696 2741 882 2800 infirmatum
898 2741 938 2799 iri
957 2741 1130 2801 confidimus

116 2825 174 2885 hac
200 2845 278 2887 nova
304 2831 487 2905 recensione,
516 2848 575 2906 qua
603 2828 728 2889 Cornuti
759 2829 852 2890 verba
878 2848 938 2888 non
968 2829 1066 2889 solum
1093 2828 1132 2888 ad

117 2914 300 2989 optimorum
318 2918 452 2978 codicum
469 2936 549 2979 nunc
565 2919 696 2994 primum
714 2936 749 2978 ea
763 2937 823 2992 qua
839 2936 895 2993 par
909 2919 956 2976 esi
974 2917 1132 2993 diligentia

118 3004 296 3065 collatorum
310 3007 481 3084 redegimus
496 3008 721 3080 auctoritatem,
745 3006 798 3065 sed
817 3006 909 3065 eiiam
927 3025 946 3064 a
963 3006 1131 3065 manifestis

116 3093 234 3153 mendis
260 3113 315 3169 pro
343 3095 459 3155 viribus
487 3097 552 3156 ausi
586 3115 688 3156 sumus
718 3112 858 3171 purgare.
908 3093 1044 3170 Denique
1072 3111 1132 3152 ser-

117 3181 214 3242 monis
233 3201 341 3258 genus‚
360 3203 419 3260 quo
437 3185 514 3244 liber
534 3187 581 3244 esi
599 3184 797 3258 conscriptus,
817 3183 929 3259 optime
948 3183 987 3242 ad
1002 3182 1134 3258 primum

188 3388 214 3452 1)
234 3385 275 3442 Of.
295 3389 355 3442 eius
375 3388 418 3443 ed.
437 3388 514 3444 Pers.
533 3407 561 3458 p.
581 3387 640 3442 XII.

189 3459 217 3527 2)
234 3456 431 3529 Myihograph.
451 3462 543 3529 (1843)
562 3476 589 3528 p.
609 3459 682 3514 XVI.
