2490 3848
505 217 705 270 EmAPOMH.
1096 215 1116 280 3

96 357 197 428 ὅλων.
242 358 324 445 τάχα
338 352 422 424 ”’“ὃ
403 384 446 424 αν
465 354 532 425 εἷεν
556 356 633 424 θεοὶ
640 360 792 443 θετῆρες
813 357 870 484 καὶ
891 341 1107 483 ποιηταὶ
1049 361 1117 426 555

98 467 559 553 γινομένων·

166 599 190 641 ο.
210 577 240 641 2.
264 569 390 658 Ὥσπερ
410 568 481 638 55‘
465 583 559 657 ημεϊς
571 570 637 638 ὑπὸ
652 573 760 657 ψυχῆς
775 569 1071 700 διοικούμεθρ,”
1029 596 1117 640 ουτω

96 678 191 748 555‘
177 708 194 749 ο
218 678 343 766 κόσμος
366 675 476 783 55555
501 681 566 764 ἔχει
589 676 651 762 τῆν
675 677 886 762 συνέχουσαν
915 673 1035 763 αὐτὸν,
1062 678 1118 745 καλ

73 872 77 880 .
97 788 180 873 αὕτη
199 792 347 852 καλεῖται
367 775 504 871 Ζεύςςΐ
502 783 639 871 πρώτως
656 782 713 849 καὶ
733 780 789 850 55
806 781 932 862 παντὸς
951 786 1043 864 ζῶσα
1061 785 1144 852 καλε

97 897 187 960 αἰτία
211 883 296 960 οὖσα
317 903 388 970 τοῖς
412 891 490 972 ζῶσι
510 893 571 957 τοῦ
593 893 663 976 ζῆν·
688 889 745 959 55
765 894 865 958 τοῦτο
889 889 926 959 55
946 890 1003 958 καὶ
1023 896 1118 977 βασι-

97 995 244 1067 λεύειν
229 1023 246 1064 ο
267 993 351 1075 Ζεὺς
369 996 498 1083 λέγεται
516 999 584 1064 τῶν
604 992 755 1082 ὅλων,
734 1022 778 1076 ως
792 991 841 1067 55
858 996 914 1064 καὶ
935 998 973 1064 ἐν
995 995 1076 1085 ημῖν
1095 1024 1116 1085 η

96 1103 185 1192 ψυχὴ
204 1102 295 1171 καὶ
278 1131 299 1191 5
318 1099 534 1234 φύσιςῆμῶν
547 1101 739 1189 βασιλεύειν
754 1103 951 1191 55555.A
918 1104 1040 1173 Δίαδὲ
1059 1103 1117 1174 55-

95 1208 155 1280 τὸν
172 1207 378 1297 καλοῦμεν”
360 1236 411 1278 οτι
430 1207 476 1278 δι’
493 1207 597 1341 αυτὸν
611 1215 744 1333 Ιίγνεται
762 1210 819 1278 καὶ
843 1209 980 1346 σώζεται
997 1212 1117 1280 πάντα.

94 1429 188 1513 γῆνν
177 1421 428 1512 “μεταδιὸο’ναι
444 1436 514 1503 τοῖς
528 1427 605 1505 ζῶσι
622 1426 757 1510 ζωτικῆς
771 1405 911 1511 ἰκμάδος
927 1430 948 1510 [·
958 1423 1044 1493 555‘
1028 1453 1049 1513 5
1062 1452 1116 1512 με·

94 1531 170 1619 νικῆ
189 1537 313 1612 πτῶσις
334 1527 389 1600 ἀπ’
406 1527 509 1619 αὐτῆς
531 1532 601 1598 ἐστι
620 1529 725 1616 Διός,
744 1531 968 1617 παρακειμένη
988 1554 1058 1611 πως
1075 1537 1115 1621 τῆ

94 1638 203 1722 Λιός].
236 1642 341 1707 οἰκεῖν
362 1636 399 1705 55
418 1640 455 1706 ἐν
474 1641 520 1730 τῷ
545 1634 679 1728 οὐρανῶ
702 1639 847 1723 λέγεται,
871 1637 941 1704 ἐπεὶ
961 1638 1030 1705 ἐκεῖ
1046 1640 1114 1706 ἐστι

93 1743 131 1812 τὸ
150 1743 357 1830 κυριώτατον
375 1744 476 1866 μέρος
488 1748 548 1829 τῆς
565 1747 626 1811 τοῦ
644 1743 773 1830 κόσμου
788 1746 908 1829 ψυχῆς·
927 1742 1037 1810 καὶ
1001 1770 1065 1832 γαρ
1080 1748 1117 1813 55

94 1846 248 1936 ῆμέτεραι
266 1849 370 1935 ψυχαὶ
389 1851 455 1936 πῦρ
475 1852 571 1916 εἰ.σιν
613 1852 688 1915 (1.3
726 1847 892 1977 Γυνῆὸὲ
904 1849 960 1917 καὶ
983 1847 1113 1938 ἀδελφὴ
1128 1869 1154 1911 1⁵

94 1954 198 2024 αὐτου
183 1951 504 2042 παραδέδοταιῆ”
496 1951 639 2040 Ηρα,”
617 1978 690 2040 ητις
709 1951 829 2022 5552‘
805 1980 833 2022 ο
849 1951 923 2083 ἀήρ.
948 1960 1115 2043 συνῆπται

92 2061 157 2149 γὰρ
177 2059 281 2142 εὐθὺς
302 2058 391 2129 αι’πω
376 2061 466 2127 καὶ
485 2059 680 2146 κεκόλληται
701 2044 902 2154 αἰρομένη’
884 2057 948 2128 απὸ
972 2065 1031 2148 τῆς
1054 2067 1115 2149 γῆς

93 2170 224 2237 ἐκείνου
247 2166 331 2257 αὐτῆ
355 2130 603 2252 ἐπιβεβηκότος·
623 2165 686 2234 καὶ
714 2165 897 2251 γεγόνασιν
926 2167 961 2235 ἐκ
986 2170 1044 2253 τῆς
1067 2173 1115 2249 εἰς

91 2273 131 2342 τὰ
151 2272 235 2342 αὐτὰ
250 2277 388 2357 ῥύσεως,
407 2275 524 2360 ῥυεῖσα
538 2269 602 2359 γὰρ
618 2276 665 2352 εἰς
679 2271 861 2359 λεπτότητα
877 2269 896 2359 5
912 2269 1011 2341 οὐσία
1026 2272 1065 2360 τό
1078 2301 1113 2343 τε

91 2386 159 2469 πῦρ
187 2381 243 2449 καὶ
270 2380 330 2448 τὸν
358 2376 440 2468 ἀέρα
467 2377 659 2468 ὑφίστησιν.
708 2376 761 2466 ἐφ’
787 2369 813 2472 5
841 2380 898 2447 καὶ
924 2376 1019 2448 Ῥέαν
1048 2379 1111 2468 τῆν
1126 2401 1154 2441 20

165 2621 187 2667 1.
212 2609 241 2666 ολ
256 2611 323 2668 θεολ
343 2611 387 2667 Os.
407 2613 495 2667 ed.-
517 2619 540 2667 1.
556 2617 581 2668 2.
595 2631 618 2666 τ.
637 2611 796 2700 γινομένων
816 2602 888 2666 5555
903 2611 939 2666 be

162 2684 196 2737 ΙΙ.
216 2690 241 2740 3
260 2680 317 2737 ὑπὸ
336 2683 436 2738 5555
455 2685 560 2769 (ρραοο.
580 2682 628 2737 εο1.
648 2682 671 2751 Ι)
691 2678 837 2736 5550-
856 2687 880 2738 6.
902 2677 975 2751 αὑτὴ
992 2683 1020 2736 Ρ
1037 2677 1112 2767 5555

93 2754 183 2808 XlM
203 2784 239 2794 -
258 2754 368 2822 πρῶτος
386 2755 402 2810 b
421 2750 560 2824 πρότερον
583 2754 629 2808 vel
652 2749 881 2821 555555555—
905 2760 929 2808 6.
954 2749 1003 2808 διὰ
1027 2755 1111 2810 τοῦτο

93 2821 150 2896 [55]
172 2820 299 2907 Xbst
320 2831 344 2881 9.
363 2822 398 2880 τὰ
417 2825 595 2880 τοΝΒο-
617 2830 659 2880 10.
677 2843 706 2878 π.
726 2844 749 2879 τ.
769 2821 801 2878 55
822 2825 911 2879 bc-
931 2830 972 2878 11.
989 2826 1111 2913 ζωτικῆς

91 2896 168 2964 (inl.
189 2913 226 2951 er.
245 2895 276 2950 in
298 2895 349 2981 V)]
369 2897 528 2982 σωματικῆς
548 2893 665 2950 XL-
687 2901 728 2952 12.
753 2891 819 2958 θεὸς
836 2893 1033 2982 παρακειμένη
1052 2897 1111 2958 πῶς

90 2988 123 3039 τη
110 2967 206 3054 ’(τοῦ
228 2966 270 3036 Χ)
290 2962 351 3027 διὸς
369 2984 387 3021 α
405 2963 466 3030 διὸς
488 2986 516 3021 π.
540 2986 569 3022 π.
593 2967 627 3035 τῆ
651 2961 713 3029 διὸς
731 2967 781 3022 Νσ
803 2962 865 3030 ὃιός
883 2985 911 3020 π.
932 2985 960 3021 π.
984 2967 1018 3035 τῆ
1043 2964 1111 3028 δούς

89 2988 162 3109 Nb'
184 3038 228 3094 08.
248 3039 342 3093 ed.-
363 3043 405 3094 14
424 3034 523 3092 καλ
491 3057 545 3109 ηροι
564 3033 670 3092 καλαλ

161 3109 209 3165 ΙΙΙ.
239 3115 280 3164 16.
309 3109 500 3178 παραδίδοται
527 3110 587 3197 (sed
613 3109 691 3180 prius
717 3129 727 3162 ι
752 3108 770 3165 ’1
796 3107 815 3164 l.
845 3124 882 3164 er.
910 3109 955 3178 N)
979 3108 1014 3162 N
1020 3107 1048 3163 G
1075 3138 1109 3147 -

92 3188 132 3236 17.
162 3177 253 3244 εὐθὺς
275 3129 367 3236 a'zbc
382 3180 409 3251 [ε
397 3178 494 3250 ε.Χ]
504 3176 605 3268 ἐγγυς
627 3180 775 3236 5555.-
804 3177 941 3250 αἰρομένη
969 3173 1040 3266 ἀπὸ]
1066 3177 1109 3233 αἰ·

91 3251 237 3322 ωρουμένη
257 3247 903 3339 §5555-55255135515-1859.
924 3246 1014 3315 εἰςτα
1034 3244 1109 3306 5555

82 3319 132 3378 ‹5'5
152 3321 177 3394 [ε
180 3325 242 3392 .,·]τ
260 3343 286 3378 5.
307 3324 339 3377 Χ
356 3319 403 3380 ἐπὶ
421 3319 456 3378 τὰ
475 3318 548 3378 αὐτοὶ
576 3318 668 3394 (αὐτοὶ
685 3324 757 3466 52
748 3321 811 3378 NB
836 3317 881 3378 ἐπὶ
904 3319 939 3376 τοὶ
962 3321 1065 3377 lacuna
1083 3321 1110 3377 θ

92 3389 188 3448 ε’πὶ
157 3414 206 3463 της
224 3390 398 3486 αὖτῆςσ-
419 3401 460 3450 19.
480 3392 588 3482 ῥύσεως
605 3395 688 3465 Lanq
725 3391 830 3457 εύσεως
851 3392 920 3450 Gale
942 3389 1109 3457 νεύσεωςΟ

91 3470 187 3521 --.29
208 3460 257 3534 ἐφ’
279 3487 300 3538 μ
321 3466 487 3522 καλλισκαλ
506 3463 554 3521 διὰ
573 3467 656 3523 τοῦτο
675 3485 693 3522 a

916 3555 956 3608 ft
