2490 3848
533 231 732 285 ΕΙΠΔΡΟΜΗ.
814 316 815 319 Ἴ
1093 229 1135 293 53

126 372 219 459 μέχρι
242 370 347 458 κόρον
369 369 456 456 ὕλη]
501 369 538 439 τὸ
564 369 594 438 8'
616 369 753 453 ἀείζωον
776 376 843 466 πύρ
872 370 1072 439 ἀποδέδοται
1096 373 1136 458 τή

121 474 233 567 Ἐστία
261 475 317 544 διὰ
344 475 382 545 τὸ
415 477 471 544 καὶ
498 475 580 546 αὐτὸ
608 482 720 545 δοκεῖν
754 476 840 545 εἶναι
873 476 958 564 [ύν],
988 477 1072 565 τάχα
1103 474 1133 556 8'¹

125 582 194 650 ἐπεὶ
217 582 257 649 τὰ
279 581 368 671 πυρά
392 586 428 651 ἐν
451 581 564 674 κόσμφ
587 582 697 651 πάντα
720 586 880 652 ἐντεῦθεν
904 585 1058 671 τρέφεται
1081 583 1137 651 καὶ

126 687 329 774 διὰταύτην
352 685 538 775 ὑφέστηκεν
561 685 582 775 ή
605 688 674 756 ἐπεὶ
699 688 853 777 ζείδωρός
875 691 944 756 ἐστι
966 689 1021 755 καὶ
1046 687 1137 780 ζῴων

126 793 248 882 μήτηρ,
273 789 324 873 οἷς
341 802 457 863 αίτιον·
469 796 530 862 τού
548 796 607 880 ζήν
624 793 662 862 τὸ
680 795 832 882 πυρῶδές
845 795 922 864 ἐστι.
950 794 1165 882 στρογγύλην

127 899 164 966 88
191 898 365 967 πλάττεται
391 900 447 966 καὶ
477 897 559 967 κατὰ
590 901 711 986 μέσους
742 900 890 986 ἱδρύεται
919 899 997 979 τοὺς
1027 909 1140 978 οἴκους

130 1003 187 1071 διὰ
205 1002 243 1071 τὸ
261 1004 316 1071 καὶ
335 1003 396 1090 τήν
415 1008 479 1090 χήν
497 1005 663 1091 τοιαύτην·
674 1004 761 1073 εἶναι
779 1006 833 1074 καὶ
854 1005 959 1086 οὕτως
978 1008 1140 1091 ἱδρῦσθαι

129 1110 432 1195 συμπεπιλημένην,
453 1107 536 1178 ὅθεν
554 1110 636 1180 κατὰ
651 1117 789 1198 μίμησιν
803 1116 823 1194 ἡ
838 1117 880 1199 μή
896 1118 955 1197 [τε]
973 1112 1029 1180 καὶ
1042 1108 1140 1198 χθων

128 1215 403 1302 προσηγόρευται.
452 1214 546 1302 [τάχα
574 1216 611 1284 88
642 1215 663 1303 ἡ
687 1216 781 1305 χθὼν
809 1215 874 1285 άπὸ
901 1221 963 1286 τού
989 1221 1140 1305 χείεσθαι

127 1319 200 1406 ήτοι
223 1333 343 1409 χωρεῖν
366 1320 475 1389 πάντα
499 1321 640 1409 ἐκλήθη,
665 1321 709 1403 ὡς
732 1332 859 1411 εἴρηται
882 1322 919 1392 τὸ
1136 1340 1179 1408 ,10

300 1441 400 1524 οὐδὸς
424 1441 456 1510 8’
483 1444 693 1532 ἀμφοτέρους
716 1445 774 1515 ὅδε
796 1452 960 1534 χείσεται]

127 1566 309 1653 μυθεύεται
333 1567 370 1635 88
396 1567 509 1655 πρώτη
538 1594 572 1635 τε
603 1569 658 1635 καὶ
686 1568 805 1656 ἐσχάτη
833 1570 993 1655 γενέσθαι
1019 1573 1065 1660 τῷ
1094 1573 1141 1649 ει’ς

126 1673 250 1757 ταύτην
275 1670 484 1741 ἀναλύεσθαι
507 1672 547 1741 τὰ
571 1671 627 1741 ἀπ’
649 1670 752 1760 αύτής
770 1673 931 1761 γινόμενα
949 1674 1005 1741 καὶ
1029 1675 1062 1755 ἐξ
1082 1671 1141 1742 αύ-

125 1781 185 1862 τής
209 1783 447 1864 συνίστασθαι,
475 1777 564 1846 καθὸ
592 1777 656 1846 κάν
679 1792 750 1858 ταῖς
770 1768 907 1858 θυσίαις
931 1782 965 1846 oc
982 1775 1142 1866 Ἕλληνες

129 1881 194 1951 άπὸ
218 1882 348 1970 πρύτης
370 1909 405 1951 τε
429 1882 532 1970 αύτής
554 1883 698 1971 ἤρχοντο
720 1884 777 1951 καί
800 1889 847 1962 είς
869 1886 1010 1971 ἐσχάτην
1034 1880 1141 1969 αὐτὴν
1155 1900 1182 1941 1⁵

127 1990 322 2057 κατέπαυον.
373 1989 540 2075 στέμματα
569 1987 599 2056 8'
627 1986 710 2077 αύτή
739 1987 839 2056 λευκὰ
866 1993 1069 2076 περίκεινται
1096 1992 1142 2079 τῷ

128 2095 310 2181 στέφεσθαι
328 2094 383 2161 καὶ
401 2093 628 2162 καλύπτεσθαι
642 2093 856 2181 πανταχόθεν
873 2091 978 2181 αύτήν
996 2091 1062 2162 ὑπὸ
1081 2094 1142 2161 τοῦ
1217 2163 1220 2166 ⁴

128 2199 328 2268 λευκοτάτου
347 2205 522 2286 στοιχείου.
552 2197 573 2286 ή
592 2200 705 2286 μέντοι
720 2199 885 2286 Δημήτηρ
904 2198 986 2267 κατὰ
1004 2197 1042 2267 τὸ
1062 2196 1143 2266 ιἰνα-

129 2304 262 2395 θοτικὸν
291 2309 358 2373 τῶν
387 2304 586 2393 σπερμάτων
612 2307 868 2393 είδοποιουμένη
896 2304 987 2372 πάνυ
1014 2308 1144 2384 οἰκείως

128 2411 291 2497 εἰσάγεται
309 2409 468 2498 στάχνσιν
486 2412 750 2497 ἐστεφανωμένη.
773 2413 871 2478 τούτο
885 2409 949 2495 γὰρ
964 2407 1142 2494 άναχκαιό-
1155 2425 1183 2468 2⁰

128 2542 226 2584 τατον
249 2507 296 2583 ὧν
315 2515 505 2602 κεχάρισται
523 2529 592 2595 τοῖς
613 2514 810 2602 ἀνθρώποις
833 2512 854 2601 ή
877 2511 1001 2603 ἥμερος
1022 2513 1143 2602 τροφή,

128 2623 205 2688 ἐστί.
250 2620 374 2707 ταύτην
401 2621 439 2689 88
462 2621 644 2708 μυθεύεται
668 2635 799 2709 σπεῖραι
825 2619 881 2688 διά
910 2625 969 2706 της
992 2622 1143 2708 οἰκουμέ-

128 2721 225 2811 νηςὸ
250 2725 472 2813 Τριπτόλεμος
491 2724 509 2794 8
532 2724 735 2807 Ἐλευσίνιος
762 2724 1014 2812 άναβιβασάσης
1038 2724 1143 2795 αύτόν

130 2883 168 2969 Ρ)
190 2881 269 2952 μέχρι
287 2877 374 2967 κόρον
392 2876 446 2951 ύλη
465 2884 537 2938 οΝσ
555 2884 582 2956 [ο
584 2882 670 2939 ίοντ.
689 2885 728 2955 κ]
747 2881 799 2954 τήν
819 2887 898 2971 (corr.
918 2901 952 2938 ex
969 2904 1003 2954 τη
990 2884 1055 2953 G)
1063 2881 1144 2971 πρὸς

128 2951 159 3008 τὸ
184 2973 224 3041 τρ.
235 2973 275 3038 μ.
299 2973 324 3008 κ.
348 2945 417 3021 ύλην
441 2955 486 3022 (ex
509 2948 562 3042 ύλη
587 2953 624 3042 θ)
643 2951 776 3008 bN—
803 2961 827 3009 1.
853 2950 1023 3009 άποθίδοται
1046 2951 1086 3009 b'c
1108 2984 1143 2994 -
1207 3006 1209 3012 ,

128 3031 153 3080 2.
154 3019 263 3112 ἀύτην
283 3024 326 3094 Μ,
335 3039 349 3077 ι
366 3023 508 3110 &8882—
532 3019 565 3079 ὂν
584 3023 704 3094 ταχαὸ’
737 3021 808 3081 αύτό
832 3025 882 3080 καὶ
900 3025 1041 3080 δολοκ-
1066 3031 1090 3080 3.
1112 3021 1143 3078 ἐν

128 3095 166 3182 τχὸ
185 3093 358 3181 κόομφο-
378 3100 402 3150 5.
421 3087 455 3164 ής
472 3110 545 3164 ατη
532 3089 717 3150 “Struve—
736 3102 761 3150 6.
780 3097 825 3166 ίθρ
827 3112 974 3151 υταιι-
994 3096 1090 3158 οἴκους
1104 3096 1143 3150 αθ

130 3150 325 3236 ωμούςεβωμ
327 3183 376 3227 ους
386 3165 497 3220 Gale
514 3115 545 3219 'In
554 3163 598 3235 ίθρ
599 3167 689 3221 υσθαι
699 3166 783 3254 Lany
798 3118 1024 3254 ίάρύεσθαιθ-
1035 3172 1058 3221 8
1074 3163 1143 3253 ἠχή

130 3235 415 3323 [18Jnalx8.808m
437 3231 479 3307 [ἡ]
499 3236 532 3304 χή
552 3236 651 3291 τεκαὶ
664 3234 829 3324 28va-
846 3244 871 3294 9.
890 3234 962 3320 τάχα
976 3231 1045 3305 8871
1064 3239 1144 3322 χθων

131 3325 188 3361 απο
207 3307 258 3360 τού
268 3307 408 3391 χείεοθαι
422 3306 510 3362 Schm.
508 3303 601 3393 τάχα
620 3303 686 3361 88
671 3327 689 3376 η
709 3303 825 3377 χθύν’
808 3305 865 3363 απὸ
884 3327 934 3361 τον
921 3308 1063 3392 χεισθαι
1076 3324 1095 3362 α
1094 3302 1141 3378 'V

130 3397 154 3430 τ
169 3372 238 3430 88³
221 3372 278 3431 απὸ
298 3377 348 3432 τοῦ
368 3372 515 3465 χεῖσθαι
500 3396 518 3444 η
537 3397 573 3446 μη
560 3378 689 3432 ίθα
712 3384 753 3433 12.
772 3377 866 3448 κράτη
885 3396 914 3430 τε
929 3372 1057 3448 καὶαῨ
1077 3396 1143 3444 προ-

128 3445 196 3515 τέρα
216 3448 379 3503 καὶίθο-
399 3453 442 3503 23.
463 3444 619 3519 [ὁ.]Τριπτ
636 3445 700 3520 a'V
