2490 3848
441 880 751 959 Praefatio.

181 1170 333 1232 Cornuti
354 1170 474 1230 nomine
496 1169 562 1230 iure
580 1170 654 1231 ferri
671 1170 748 1229 illud
767 1170 804 1230 de
822 1170 976 1248 theologia
990 1171 1106 1232 Graece

90 1262 280 1338 opusculum,
307 1259 388 1336 quod
415 1261 485 1319 ente
512 1258 567 1318 hos
590 1259 718 1335 triginta
736 1261 852 1335 septem
880 1278 973 1321 annos
1002 1260 1105 1322 Osenn

88 1351 203 1427 primus
227 1349 391 1425 recensuit,
420 1348 490 1408 inde
516 1348 707 1424 potissimum
734 1349 854 1408 videtur
880 1353 998 1427 petere,
1026 1350 1106 1427 quod

91 1459 158 1500 cnm
177 1439 384 1500 Theodoretus
391 1429 415 1515 ¹)
436 1436 560 1496 Cornuti
577 1437 748 1513 philosophi
767 1438 803 1498 de
822 1438 976 1516 theologie
991 1437 1106 1499 Graece

89 1529 161 1589 libri
175 1527 306 1588 auctoris
320 1525 502 1587 mentionem
516 1525 617 1599 fecict,
630 1530 695 1586 tum
704 1526 948 1603 Etymologioum¹
960 1527 1106 1604 Magnum

91 1618 147 1677 sub
170 1635 242 1678 voce
264 1606 373 1696 nete)
400 1614 497 1674 nostri
525 1614 621 1674 libelli
648 1614 746 1675 locum
774 1608 812 1693 (ο.
837 1607 871 1696 2)
897 1616 1043 1676 siminus
1066 1615 1106 1676 1(1

31 1699 36 1709 ’
89 1705 229 1779 verbum,
252 1707 387 1764 ettamen
408 1703 568 1779 manifesto
590 1703 718 1763 leudone
739 1722 795 1764 neo
816 1722 877 1764 non
895 1705 956 1781 ipsi
973 1703 1105 1764 melioris

89 1797 180 1853 notre
210 1791 324 1852 codices
355 1792 393 1851 ed
420 1811 514 1850 nnum
534 1782 656 1868 omnes,
687 1792 719 1850 in
746 1792 854 1867 quibus
878 1792 1106 1869 antiquissimus

91 1875 192 1964 (nobis
206 1872 266 1962 N),
290 1879 403 1940 diserte
425 1879 503 1937 hunc
521 1877 633 1937 librum
652 1878 812 1955 adsignent
827 1879 968 1941 Cornuto.
1004 1882 1105 1956 Atque

91 1961 267 2050 Φορνοῦτοο
297 1962 361 2048 (vel
394 1959 587 2045 Φοαρνούνοο
618 1967 667 2026 vel
698 1961 906 2050 Φροονούτοα)
943 1969 1106 2044 inscriptio,

90 2079 181 2138 quem
204 2058 385 2118 deterrimus
412 2056 538 2132 quisque
568 2055 659 2115 codex
685 2057 824 2135 praebet,
856 2058 928 2134 quin
950 2075 969 2117 1
990 2057 1107 2117 librarii

90 2148 244 2209 cuiusdam
266 2145 432 2223 repetendo
450 2145 490 2205 sit
512 2144 628 2204 incuria
649 2145 712 2206 vim
733 2145 856 2207 minime
879 2146 1010 2206 assecuti
1028 2146 1106 2223 signi

88 2239 171 2298 illius
185 2235 363 2312 marginalis
374 2229 440 2314 (-Ι-,
459 2250 535 2308 quee
550 2235 598 2293 est
611 2234 735 2310 entique
747 2235 868 2295 litterae
883 2232 911 2296 Φ
929 2234 1034 2311 forme,
1055 2235 1105 2295 vel

90 2318 153 2408 Θ),
172 2344 230 2403 quo
249 2327 367 2384 veteres
387 2324 418 2382 et
439 2321 558 2382 librarii
577 2324 608 2381 et
625 2322 751 2382 lectores
770 2324 851 2382 haud
869 2323 1072 2398 discrepantes
1087 2341 1106 2383 e

89 2418 260 2476 nostrorum
285 2416 455 2489 temporum
482 2429 540 2471 usu
570 2411 716 2470 memorie
738 2411 829 2486 digne
852 2430 928 2488 quee
951 2413 1107 2472 censerent

90 2504 316 2582 distinguebant
330 2504 361 2560 et
378 2490 567 2579 notabant3),
585 2500 635 2559 vix
649 2500 789 2575 estquod
803 2500 984 2574 dubitemus,
1003 2518 1105 2577 quem·

90 2592 149 2667 vis,
178 2592 204 2651 si
232 2590 351 2668 quidem
379 2589 416 2649 de
444 2588 638 2649 celeberrimo
665 2589 718 2648 illo
740 2588 920 2665 philosopho
944 2589 1104 2664 Leptiteno

164 2759 336 2828 1)Grceocr.
357 2757 448 2813 effect
468 2758 554 2812 curet.
573 2755 601 2809 Π
619 2761 653 2811 36
673 2759 750 2844 (tom
762 2757 846 2845 IVp.
862 2762 914 2812 856
928 2757 970 2812 ed.
982 2756 1106 2811 Schulzi·

91 2831 188 2899 1111)·
216 2830 379 2899 Κορνοῦτος
401 2823 474 2884 δὲ
463 2848 478 2882 o
504 2822 660 2896 φιλόσοφος
686 2825 737 2898 τὴν
762 2825 927 2898 Ελληνιαὴν
951 2829 1106 2897 θεολογίαν

106 2901 267 2958 vectitans.

90 2904 105 2970 ξ
162 2973 233 3042 2.)Ρ
249 2977 301 3026 408
318 2969 360 3024 ed.
376 2969 475 3024 (111111
494 2968 658 3038 Κορνοῦτος
677 2965 708 3024 ἐν
726 2971 764 3043 τῷ
773 2969 849 3057 περὶ
859 2964 1105 3057 Ελληνιαῆςθεο-

89 3047 187 3114 λογίας
204 3035 327 3122 ccclv*
310 3060 355 3096 οτι
373 3038 463 3123 ψυχή
471 3035 530 3094 ἐστι
546 3039 598 3094 coi
617 3035 725 3103 παντὸς
746 3026 853 3128 κόσμου
881 3037 960 3111 παρὰ
988 3036 1019 3094 τὸ
1049 3036 1104 3108 ζωὴ

89 3115 139 3171 καὶ
158 3110 285 3170 αἰτία
255 3120 331 3169 εἰναι
349 3117 408 3174 τοῖς
427 3109 493 3176 ζῶσι
510 3111 561 3164 τοῦ
581 3111 631 3180 ζῆν
650 3111 700 3166 καὶ
718 3108 766 3166 διὰ
780 3132 862 3167 τοατο
878 3107 1039 3200 βασιλεύειν
1054 3110 1105 3180 (sic

91 3205 154 3247 eum
172 3185 315 3240 Marciano
333 3183 378 3238 Et
398 3180 495 3237 codice
514 3185 567 3237 530
585 3198 638 3267 pro
655 3179 785 3269 βασιλεὺς
803 3183 964 3253 legendum)
992 3179 1105 3250 λέγεται

91 3259 147 3313 τῶν
166 3251 249 3325 ολαν,
268 3251 306 3318 ὥς
324 3254 373 3309 καὶ
363 3247 456 3309 ὶέν
442 3257 510 3323 ημῖν
527 3246 545 3320 ἡ
564 3249 642 3322 ψυχὴ
661 3247 679 3321 ἢ
699 3274 742 3308 οτι
760 3274 785 3308 α.
806 3274 829 3309 τ.
848 3258 872 3309 λ

162 3330 189 3397 3)
208 3299 338 3396 Exempli
365 3324 458 3408 gretie
485 3321 571 3378 effero
595 3323 630 3378 (11
647 3325 750 3381 nostris
768 3325 847 3380 codd.
873 3323 900 3376 V
915 3322 1000 3390 eta,
1027 3320 1106 3376 iuxta

91 3399 166 3454 enim
183 3395 420 3469 inscriptionem
411 3414 442 3450 m
460 3393 511 3448 illo
530 3393 605 3464 -1-,“
597 3412 626 3448 m
644 3395 697 3450 hoe
717 3397 743 3449 θ
763 3395 895 3466 reperies.

405 3655 501 3702 ἢῆ
520 3659 705 3702 Δβῆί)
