2490 3848
505 244 706 300 ΕΠΙΔΡΟΜῊ.
1072 244 1113 308 73

97 382 206 472 ω’σκερ
229 383 309 465 τοὺς
322 375 587 472 ικατοιχομένους
609 383 721 453 καὶτὸ
741 396 812 464 ταῖς
831 390 1016 473 φαρμακίσι
1036 405 1113 454 συν-

96 505 206 580 εργεῖν
227 491 283 558 καὶ
306 491 491 578 ἐπάγεσθαι
513 505 585 571 ταῖς
609 495 744 576 οἰκίαις,
770 488 840 558 εἶτα
864 500 1056 561 τελευταῖον
1075 491 1113 561 τὸ

95 599 239 668 πένθεσι
254 599 309 666 καὶ
328 598 425 690 φόνφ
439 603 583 687 χαίρειν,
604 599 638 679 ἐξ
657 589 699 666 οὗ
717 624 806 690 τινες
824 598 1046 687 προήχθησαν
1060 600 1114 667 ἐπὶ

76 701 133 772 ’τὸ
151 706 207 772 καὶ
225 707 363 784 θυσίαις
382 701 488 790 αὐτὴν
507 703 644 784 ἀτόποις
661 705 718 772 καὶ
736 718 961 792 σφαγιασμοῖς
979 701 1114 791 ἀνθρύ-

95 837 168 880 πων
183 810 380 879 ἱλάσκεσθαι
393 812 517 880 θέλειν.
540 812 755 897 καθιέρωσαν
770 811 877 879 δὲκαὶ
890 810 954 898 τὴν
971 815 1111 899 τρίγλαν
1124 837 1138 878 ι

96 915 180 1005 αὐτῇ
199 915 255 984 διὰ
269 915 430 1004 τοῦνομα.
453 918 569 984 ἐνοδία
583 917 623 984 δέ
639 919 730 985 ἐστιν
750 916 792 985 οὐ
811 915 859 984 δι’
876 915 957 986 ἀλλο
971 943 1004 985 τι
1022 912 1043 1003 ἢ
1059 914 1112 985 διὸ

95 1025 151 1091 καὶ
166 1020 338 1092 Ἀπόλλων
356 1021 502 1110 ἀγυιεύς.
544 1027 638 1092 δοκεῖ
660 1023 698 1092 δὲ
715 1037 786 1103 τοῖς
805 1029 971 1105 πλείστοις
989 1022 1010 1111 ἡ
1030 1021 1113 1111 αὐτη

95 1127 256 1197 εἶναικαὶ
279 1135 472 1216 Εἰλείθυια,
498 1128 676 1211 ἀπαύστως
704 1133 881 1218 είλονμένη
906 1132 962 1198 καὶ
985 1133 1115 1198 θέουσα

95 1237 170 1324 περὶ
183 1234 246 1323 τὴν
259 1242 335 1324 μην,
349 1233 393 1323 ἣν
407 1235 563 1323 εὔχονται
577 1239 692 1306 ἐλθεῖν
706 1234 822 1318 αὑταῖς
835 1236 939 1325 ηπίαν
952 1239 1009 1304 καὶ
1022 1241 1115 1304 λυσί-

96 1348 203 1424 ζωνον
221 1347 258 1410 αί
275 1341 475 1430 ὠδίνουσαι,
498 1344 650 1413 λύουσαν
669 1341 705 1412 τὸ
728 1345 933 1431 έσφινμένον
951 1348 1020 1413 τῶν
1038 1342 1113 1412 κόλ-
1127 1368 1153 1410 10

95 1470 169 1517 πων
195 1448 279 1538 πρὸς
306 1448 343 1518 τὸ
373 1453 459 1539 ῥᾷον
485 1452 542 1517 καὶ
570 1448 785 1538 ἀπονώτερον
808 1451 958 1519 ἐκπεσεῖν
986 1449 1024 1518 τὸ
1047 1477 1116 1517 κνι-

96 1553 276 1641 σκόμενον,
299 1557 480 1642 λεγομένης
503 1553 606 1642 αὐτῆς
623 1557 679 1623 καὶ
699 1553 891 1633 Ἐλευθούς.
926 1561 1062 1635 πλείους
1082 1558 1114 1621 δ’

95 1663 288 1727 Εἰλείθυιαι
311 1662 558 1748 παραδέδονται
581 1659 661 1729 καθ’
683 1657 724 1729 ὃν
742 1660 847 1745 λόγον
864 1667 999 1739 πλείους
1012 1659 1116 1749 Ἔρω-

95 1788 161 1845 τες·
184 1769 477 1855 πολύτροποιγαρ
499 1769 556 1835 καὶ
580 1770 616 1835 oi
630 1768 764 1835 ’τοκετοὶ
786 1770 855 1834 τάν
875 1771 1047 1852 γυναικῶν
1071 1765 1116 1846 ὡς

96 1877 134 1941 αί
160 1877 229 1942 τῶν
259 1873 416 1962 ἐρώντων
450 1877 635 1960 ἐπιθυμίαι.
692 1876 847 1961 φανερῶς
876 1869 906 1939 δ’
937 1870 958 1959 ἡ
989 1873 1111 1960 σελήνη
1127 1897 1153 1939 ιι

95 1988 373 2070 τελεσφορείσθαι
400 1979 440 2049 τά
470 1978 774 2067 συλλαμβανόμενα
802 1993 893 2048 ποιεί
912 1981 968 2047 καὶ
993 1978 1114 2065 ταύτης

96 2087 164 2154 ἐστὶ
187 2086 225 2154 τό
249 2111 285 2154 τε
303 2083 418 2167 αύξειν
436 2083 521 2155 αότδι
538 2087 595 2153 καὶ
612 2084 650 2154 τὸ
669 2084 832 2155 ἀπολύειν
849 2090 918 2154 τάν
936 2090 1114 2174 φερουσῶν

38 2277 42 2282 ,
95 2194 317 2263 πεπανθέντα.
355 2191 397 2262 ού
419 2191 620 2280 θαυμαστὸν
644 2190 675 2260 δ’
697 2197 729 2261 εί
749 2190 820 2260 κατ’
846 2191 953 2277 ἀλλην
977 2192 1039 2279 μὲν
1062 2197 1117 2279 έμ

96 2319 201 2387 φασιν
218 2301 395 2388 παρθένον
412 2297 605 2386 ύπευόησαν
625 2296 687 2386 τὴν
697 2296 855 2386 ’Ἄρτεμιν
872 2296 1040 2385 ἀχραντον
1058 2300 1114 2366 καὶ

93 2404 204 2494 ἀγνην
229 2399 336 2474 οὖσαν
360 2403 484 2492 ὁμοίως
505 2408 551 2497 τῷ
574 2403 675 2496 ἡλίφ,
697 2402 769 2474 κατ’
791 2403 901 2490 Ιἀλλην
925 2404 962 2471 δὲ
985 2407 1156 2473 ἐπίκουεο

96 2559 145 2618 διὰ
164 2559 270 2633 ταύτην
287 2565 330 2620 Os.
349 2596 382 2604 -
403 2564 466 2636 [καὶ
484 2565 621 2635 μιαίνειν]
640 2563 729 2619 Schm.
747 2563 797 2618 καὶ
815 2583 842 2633 μ.
863 2564 924 2633 (sed
943 2583 985 2618 ειν
1003 2563 1022 2619 i.
1041 2564 1060 2618 1.
1075 2582 1113 2619 er.

102 2634 210 2725 ‚VP)({
225 2665 258 2676 -
279 2641 302 2691 1.
323 2641 500 2706 φαρμακαῖσι
515 2634 555 2720 W
570 2635 761 2705 φαρμακείαις
780 2628 804 2689 b'
820 2665 854 2724 -2
873 2640 897 2688 2.
917 2641 979 2697 ταῖς
998 2632 1116 2759 finiat}
1228 2653 1229 2656 ’

97 2705 222 2776 επφδαις
241 2705 318 2761 Gale.
337 2705 423 2762 Schm.
443 2738 479 2747 —
502 2725 534 2760 το
557 2704 678 2761 πένθεσι
697 2725 722 2760 κ.
742 2705 785 2776 φ]
804 2724 863 2765 τοις
881 2724 909 2760 π.
929 2724 954 2761 κ.
978 2726 1015 2775 τῳ
1036 2726 1065 2775 φ.

96 2771 128 2830 τὸ
148 2781 207 2836 τοῖς
224 2795 253 2832 π.
273 2775 321 2830 καὶ
339 2777 377 2830 τῶ
397 2797 427 2845 φ.
448 2777 493 2832 Os.
513 2807 546 2817 —
571 2783 597 2831 3.
616 2771 818 2846 προσήχθησαν
837 2775 866 2828 Ρ
880 2807 914 2817 -
934 2784 958 2832 6.
977 2772 1023 2830 διὸ
1043 2773 1103 2832 a'V

95 2841 157 2908 διὸς
176 2845 240 2900 ίΝα
267 2840 342 2900 διότι
360 2831 438 2917 ’Ν,δ’
462 2878 496 2888 -
521 2854 546 2903 7.
570 2843 731 2909 ἀπόλλωνος
749 2847 829 2916 Nlla
851 2877 885 2888 -
904 2849 990 2902 δοκεῖ
1011 2845 1044 2901 δὲ
1063 2817 1112 2902 καδ

96 2920 140 2972 πλ.
165 2931 179 2971 ο
207 2918 232 2971 δ.
260 2914 291 2970 δὲ
315 2937 341 2971 κ.
365 2924 424 2980 τοῖς
450 2922 494 2972 πλ.
520 2917 564 2972 Οε.
589 2948 623 2957 -
650 2923 675 2974 8.
703 2916 753 2972 καὶ
776 2915 838 2988 είλ]
867 2919 900 2972 τ’
926 2916 1067 2992 είλειθνίηι
1090 2914 1114 2973 b'

98 3018 130 3027 —
156 2983 304 3056 εἱλουμένη
331 2987 387 3042 VG
414 3019 448 3028 -
476 2985 588 3043 θέουσα
616 2983 673 3043 a'b'
705 2984 820 3042 θύουσα
843 2990 854 3042 λ
893 3005 908 3044 ο
940 3020 973 3028 -
1008 2995 1033 3043 9.
1058 2984 1116 3062 [έλ-

96 3059 175 3129 θείν]
192 3059 208 3113 b
227 3089 261 3098 -
281 3052 383 3121 αὑταῖς
395 3058 423 3111 Β
443 3053 514 3129 αύτῇ
534 3060 544 3113 ί
562 3054 664 3121 αύταῐς
682 3063 741 3114 cett.
755 3088 791 3099 -
804 3054 894 3127 ἥπίαν
909 3059 935 3116 Gr
952 3055 1041 3128 ἡπίαν
1056 3064 1114 3114 cett.

97 3160 131 3170 -
152 3136 193 3183 11.
219 3125 349 3184 ἐκπεσεῖν
367 3125 435 3201 a‘V²
460 3135 559 3184 πεσεῖν
578 3131 608 3185 lb
631 3129 770 3183 ποιοῦσαν
787 3137 919 3186 πεσεῖνσ
941 3160 974 3169 -
1000 3135 1041 3184 12.
1062 3129 1074 3200 [
1093 3130 1112 3201 .]

100 3196 238 3263 ἐλευθοῦς
252 3197 278 3255 α’
289 3231 322 3240 —-
339 3207 380 3258 13.
396 3206 438 3255 14.
457 3201 507 3255 καί
519 3204 563 3254 κλ.
579 3197 618 3271 ἔρ.
635 3199 679 3255 Οε.
695 3229 728 3240 -
744 3205 786 3255 14.
803 3201 876 3272 [καὶ]
891 3198 920 3255 οἱ
931 3199 1041 3255 τοκετοὶ
1055 3217 1069 3255 ο
1081 3231 1115 3241 -

99 3277 140 3326 16.
159 3277 238 3326 ποιεῖ
254 3268 289 3325 τοὶ
310 3290 334 3326 σ.
352 3272 420 3326 Lbc
439 3302 473 3311 -
493 3277 535 3326 16.
556 3277 597 3326 17.
621 3266 725 3339 ταύτης
744 3266 802 3325 ἐστὶ
824 3267 905 3326 τότε
925 3268 991 3341 oa'V²
1017 3290 1040 3324 τ.
1064 3271 1114 3343 [ε]

69 3392 72 3398 .
97 3338 160 3396 τότε
176 3358 190 3396 c
208 3338 313 3426 ταύτης
332 3341 381 3414 [ε]
402 3341 471 3397 ποτε
485 3342 520 3397 Ν
534 3339 638 3411 ταύτης
658 3342 706 3414 [ε]
725 3341 793 3411 πρὶν
810 3341 837 3396 L
851 3341 1049 3424 (Vndignosci
1066 3357 1115 3395 ne-

98 3411 299 3538 ηηίόᾚιηηης
325 3411 400 3469 εἶναι
427 3411 495 3467 ποτὲ
522 3413 583 3481 (sic)
610 3408 633 3469 δ’
656 3443 690 3453 ·-
720 3418 761 3467 17.
788 3411 947 3485 φερονσων]
974 3431 1115 3482 φανερόν·
1224 3429 1227 3432 ’

98 3502 155 3538 σων
264 3524 272 3555 ,
