2490 3848
100 217 162 266 m
415 197 793 258 oooiounaacausus

101 341 309 424 ἐγεννήθησαν
332 341 382 407 διδι
404 351 456 425 τῆς
479 352 608 426 Λητοῦς.
654 342 745 429 Λητώ
773 343 829 428 γὰρ
856 345 911 428 τὴν
938 345 1030 412 νύκτα
1053 347 1138 416 660-

101 429 226 512 petrosa
248 429 322 496 κατὰ
345 432 502 513 μετάθεσιν
524 441 576 498 τοῦ
599 437 704 511 δασέος
726 443 750 498 θ
768 432 855 512 εἰς
826 461 858 499 το
877 434 969 517 ψιλὸν
987 434 1079 502 αὐτοῦ
1092 464 1118 520 τ,

100 517 181 601 λη’θη
199 545 242 597 τις
260 513 348 585 οὖσα·
363 523 396 585 ἐν
409 525 465 605 γὰρ
482 529 518 608 τῇ
535 549 619 587 ννκτι
610 522 850 606 ααθενδόμενοι
864 519 936 609 (sic)
951 523 1119 590 λανθάνον-

101 634 148 672 ται
166 607 260 672 πανθ’
283 636 311 675 οι
304 609 494 693 ἅνθρωποι.
531 618 565 696 66
589 611 652 675 66⁹
646 619 716 698 Ηρα
735 613 887 696 συμμιγεὶς
905 615 999 677 ἔτεκεν
1012 612 1117 696 Ἄρεα·

91 694 191 780 Ἥραν
215 696 298 762 δὲ
270 724 323 762 τον
347 696 419 779 αἰέρα
442 705 583 764 καλοῦσιν
606 703 637 765 06
657 705 785 766 παλαιοί.
767 703 907 765 Mace
934 701 967 766 δὲ
993 703 1043 766 καὶ
1066 700 1119 767 τὸν

100 785 251 852 Διόνυσον
270 789 301 850 ἐκ
315 813 368 851 τον
354 790 463 852 ἰδίου
478 814 574 870 μηρον
560 790 802 873 ἑπταμηνιαῖον
814 788 895 874 παρὰ
907 797 960 872 τῆς
972 792 1117 899 Σεμέλης

99 877 150 940 καὶ
168 874 346 984 Ἀθηνᾶνὲ
345 901 364 938 κ
392 883 443 987 τῇς
464 885 596 985 κεφαλῆς
617 876 711 943 αὐτοῦ
740 875 859 988 (αὑτοῦ
870 875 951 964 Oa),
979 878 1116 961 δηλονότι

99 961 153 1073 τὴν
174 970 286 1048 γνῶσιν
309 964 359 1027 καὶ
381 962 436 1047 τὴν
454 963 618 1076 φρόνησιν·
639 963 687 1031 διδ
704 969 755 1030 καὶ
771 964 863 1047 Τοιτιδ
878 965 1000 1118 oc6r6vr
994 965 1117 1044 ’Arate

99 1051 248 1128 διαλεκιος
262 1049 405 1133 ὀνομάζει
419 1050 504 1135 τριιῶ
519 1051 574 1137 γὰρ
588 1051 643 1136 τὴν
656 1052 790 1136 κεφαλήν
804 1075 896 1134 φασιν
910 1081 926 1119 ο
928 1053 1115 1138 ἱἈθηναῖοι.

98 1144 234 1206 Insunt
225 1164 257 1204 m
275 1146 332 1204 hoe
350 1146 448 1205 codiee
462 1150 584 1221 praeter
606 1146 666 1205 alia
687 1148 785 1206 multa
802 1147 893 1204 etiam
912 1147 1115 1225 Palaephatus

99 1233 189 1292 etde
212 1233 368 1292 duodecim
390 1233 529 1292 Herculis
552 1235 706 1294 laboribus
729 1236 885 1294 tractatus.

190 1322 240 1380 10.
272 1321 490 1396 Neapolitanus
526 1324 588 1382 139
622 1316 667 1402 (Π
694 1325 724 1381 Ε
751 1316 799 1402 4),
832 1322 911 1397 apud
943 1322 1114 1382 Fabricium

98 1401 185 1490 (bibl.
211 1409 262 1469 Gr.
285 1413 356 1469 tom.
380 1409 407 1466 V
431 1431 459 1486 p.
485 1403 563 1489 777)
586 1411 639 1471 Nr.
657 1412 698 1470 52
722 1414 859 1486 notatus3
881 1410 962 1468 XIV.
977 1412 1114 1472 exeuntis

96 1500 146 1559 rel
172 1498 237 1557 XV.
264 1499 395 1564 ineuntis
422 1501 501 1558 teste
529 1498 686 1573 Fornario,
722 1499 921 1558 bibliothecae
953 1499 1113 1559 rationalis

98 1605 175 1664 quae
202 1590 250 1647 est
276 1587 404 1663 Neapoli
434 1587 598 1663 praefecto,
631 1588 682 1664 qui
709 1606 727 1646 a
754 1607 802 1646 me
829 1590 954 1663 rogatus
982 1588 1113 1648 codicem

97 1675 287 1737 examinavit.
333 1676 494 1735 Artissime
517 1678 658 1737 cohaeret
680 1696 747 1736 cum
769 1678 809 1738 N.

188 1769 239 1826 11.
266 1763 402 1824 Venetus
430 1765 598 1825 Marcianus
626 1767 705 1841 490,
738 1767 849 1826 saeculi
880 1766 961 1826 XIV.
990 1771 1021 1827 et
1047 1767 1114 1828 XV.

95 1855 174 1914 teste
194 1853 325 1927 Veludo,
343 1854 513 1914 Marcianae
533 1854 732 1914 bibliothecae
751 1856 915 1932 praefecto,
939 1857 991 1932 qui
1010 1875 1112 1915 omnes

94 1940 227 2002 Venetos
247 1941 374 2003 Cornuti
397 1945 481 2003 codd.
504 1943 535 2002 in
552 1947 690 2004 nostrum
707 1963 797 2004 usum
816 1945 1019 2020 compluribus
1037 1944 1111 2004 locis

95 2032 230 2092 contulit.
279 2031 353 2091 Arte
381 2033 521 2091 cohaeret
554 2052 621 2091 cum
643 2034 686 2104 N,
714 2034 848 2093 notabile
876 2037 979 2093 tamen
1006 2036 1053 2093 est
1079 2033 1112 2091 in

94 2119 151 2178 hoe
173 2119 235 2178 cod.
254 2119 402 2177 famosum
420 2118 498 2178 illud
515 2113 635 2197 γεώργια
652 2137 713 2177 una
732 2139 798 2178 cum
818 2109 841 2178 6
859 2117 981 2179 παιδίον
1001 2120 1111 2179 omitti.

186 2209 237 2268 12.
259 2205 393 2266 Venetus
421 2207 492 2266 clim
515 2206 660 2267 Paulinus
689 2208 744 2281 50,
772 2225 851 2266 nune
873 2207 1044 2266 Marcianus
1074 2208 1110 2269 cl.

93 2295 138 2355 IX
160 2295 222 2356 cod.
248 2298 281 2371 6,
304 2295 368 2353 XV.
392 2295 517 2371 saecu1i3
540 2296 672 2370 pertinet
695 2294 733 2354 ad
755 2295 901 2354 familiam
924 2289 963 2354 δ’.

186 2386 235 2445 13.
259 2384 415 2445 Parisinus
439 2385 539 2458 3076,
562 2402 639 2443 anno
660 2385 744 2443 1616
767 2383 965 2458 conscriptus,
990 2381 1109 2443 Osanno

61 2509 65 2514 =
94 2473 271 2535 Parisiensis
292 2476 324 2550 2,
349 2476 504 2549 excerptas
526 2476 646 2532 tantum
664 2472 798 2550 singulas
817 2472 960 2531 lectiones
980 2465 1028 2530 ‘ex
1046 2471 1109 2532 cod.

94 2561 217 2622 Henrici
231 2555 404 2638 Scrimgeri'
417 2563 519 2621 habet.
550 2563 615 2638 list,
625 2561 760 2638 quamvis
774 2561 915 2620 laudetur
930 2561 968 2619 ab
979 2559 1107 2637 Osanno,

93 2650 173 2710 inter
195 2651 359 2710 deteriores
381 2650 515 2710 familiae
538 2644 578 2710 δ’.
627 2659 630 2664 ’

185 2742 235 2800 14.
259 2739 491 2801 Mediolanensis
518 2738 736 2798 Ambrosianus
763 2738 798 2798 N
818 2740 858 2798 92
889 2757 966 2814 sup,
998 2737 1109 2798 saeculi

93 2828 173 2888 XVI.
204 2831 283 2888 teste
316 2826 465 2905 Cerianio,
497 2826 712 2888 Ambrosianus
744 2827 909 2905 praefecto,
947 2828 998 2904 qui
1033 2826 1109 2886 mihi

92 2918 208 2994 petenti
231 2936 266 2977 ex
288 2917 561 2978 Mediolanensibus
585 2914 710 2976 Cornuti
733 2916 884 2976 codicibus
908 2917 1024 2992 aliquot
1050 2914 1108 2973 lec-

92 3007 189 3066 tiones
213 3009 367 3081 exeerptas
389 3005 481 3065 misit.
527 3005 668 3065 Fluctuat
690 3005 770 3064 inter
792 3006 827 3065 N
846 3009 877 3064 et
899 2998 938 3064 b'.

184 3097 235 3157 15.
257 3093 448 3154 Florentinus
462 3094 683 3154 Laurentianus
696 3094 772 3170 plut.
787 3097 827 3154 31
844 3092 907 3153 eod.
923 3093 973 3164 37,
988 3088 1106 3149 Osanno

39 3171 43 3178 ¹
92 3183 183 3244 Laur.
197 3180 276 3243 XIV.
295 3182 420 3260 saeculi,
442 3183 513 3242 lieet
530 3182 723 3258 inscriptione
747 3183 785 3242 ad
807 3180 953 3240 familiam
972 3182 1003 3237 αα
1023 3169 1107 3259 (vide

91 3294 120 3350 p.
138 3266 172 3355 1)
190 3274 341 3351 pertinere
359 3271 455 3331 videri
473 3271 582 3347 possit,
600 3273 715 3345 tamen,
738 3273 763 3331 si
782 3288 832 3329 eas
850 3269 1006 3343 lectiones,
1030 3286 1105 3342 quas

93 3360 196 3424 Osann
214 3382 250 3422 ex
273 3379 306 3420 ec
331 3363 485 3436 excerptas
508 3361 621 3436 passim
643 3360 784 3437 praebet,
807 3356 988 3433 respexeris,
1011 3374 1103 3432 prope

91 3455 129 3513 ad
148 3452 184 3513 N
197 3450 337 3511 accedere
360 3448 573 3509 existimandus
592 3452 648 3510 est.
684 3449 749 3508 Hac
768 3447 920 3507 occasione
939 3444 1011 3505 data
1029 3444 1106 3504 illud
