2490 3848
127 173 176 239 ‘56
266 191 268 197 ·
526 173 751 227 ΚΟΡΝΟΤΤΟΤ

223 321 317 405 σίτον
339 315 395 381 καὶ
418 317 553 399 κριθῆς,
578 305 603 381 ῶ
627 311 739 400 νήπιε,
762 317 904 392 πλοῦτος
927 312 1070 398 ἀριστος.

133 421 189 489 καὶ
212 423 367 489 ἐναντίον
390 419 460 500 πῶς
488 422 555 488 ἐστι
583 422 628 510 τῷ
656 417 831 506 λιμῶττειν
856 417 895 486 τὸ
923 418 1116 505 περιουσιάζ
1132 462 1145 472 -

134 536 231 613 σθαι,
255 531 302 606 εἰς
325 523 343 595 ὃ
367 528 423 595 καὶ
445 524 577 595 ἀπιθῶν
600 523 618 593 ὁ
638 523 794 606 Ἡσίοδός
817 545 933 611 φησιν·

219 648 391 738 Ἐργάζεν,
414 650 546 736 Πέρση,
570 651 646 716 δῖον
669 652 779 734 γένος,
803 649 893 736 όφρα
916 669 953 717 σε
976 647 1071 736 λιμὸς

107 795 121 835 5
223 758 380 844 ἐχθαίρῃ,
404 758 502 843 φιλέη
527 755 567 822 δέ
587 752 618 822 σ’
646 754 852 841 ἐυπλόκαμος
875 755 1046 843 Δημήτηρ.

133 879 260 948 θύουσι
284 877 315 946 θ’
336 869 377 959 ύς
399 877 585 965 ἐγκύμονας
601 881 642 966 τῇ
662 877 817 966 Δήμητρι
835 879 925 947 πάνν
947 883 1086 964 οἰκείως,
1108 875 1146 945 τὸ

134 983 329 1070 πολύγονον
351 985 407 1051 καὶ
426 982 654 1069 εύσύλληπτον
673 983 728 1051 καὶ
746 983 950 1071 τελεσφόρον
968 982 1147 1072 παριστάν-

132 1116 194 1170 τες.
230 1087 427 1158 ἀνατιθέασι
447 1087 478 1157 θ’
496 1087 579 1174 αὐτῇ
597 1088 652 1155 καὶ
670 1087 728 1168 τάς
751 1089 907 1175 μηπωνας
925 1089 1007 1156 κατὰ
1030 1089 1148 1175 λόγον·

133 1195 171 1263 τό
194 1221 229 1263 τε
253 1193 317 1282 γὰρ
341 1192 548 1282 στρογγύλον
572 1191 627 1260 καλ
646 1192 819 1279 περιφερὲς
839 1190 950 1260 αύτῶν
969 1199 1149 1280 παρίστησι

91 1323 120 1364 ιο
132 1298 170 1368 τὸ
195 1304 303 1386 σχῆμα
325 1304 385 1386 τῆς
401 1303 462 1386 γης
480 1301 718 1386 σφαιροειδοῦς
741 1296 858 1384 ούσης,
881 1295 902 1384 ἥ
920 1323 955 1365 τε
974 1297 1148 1385 ἀνωμαλία

132 1403 191 1485 τάς
213 1404 407 1491 κοιλότητας
429 1404 484 1472 καλ
507 1404 566 1485 τὰς
588 1403 702 1492 ἐξοχὰς
724 1407 791 1472 τῶν
810 1402 916 1490 ὀρῶν,
938 1403 979 1472 τά
999 1402 1032 1471 δ’
1054 1403 1149 1484 ἐντός

134 1525 205 1590 τοῖς
223 1508 406 1598 ἀντρῶδεσι
429 1510 484 1578 καὶ
505 1507 689 1597 ὑπονόμοις
713 1515 813 1596 ἔοικε,
837 1509 1006 1596 σπέρματά
1032 1535 1067 1577 τε
1089 1508 1148 1577 ἀν-

133 1622 304 1704 αράθμητα
331 1619 497 1700 γεννῶσιν
525 1613 634 1703 ῶσπερ
662 1613 682 1702 ἡ
706 1619 757 1702 γη.
804 1613 860 1682 θιά
888 1615 925 1683 δὲ
952 1613 1012 1701 τὴν
1041 1613 1150 1700 ἀφθο-

133 1727 214 1790 νίαν
230 1726 299 1791 τῶν
317 1725 464 1809 σιτηρῶν
482 1721 669 1791 ἐπαύσαντο
685 1725 721 1789 ολ
731 1720 909 1809 ἀνθρωποι
924 1720 1149 1808 δυσπόριστον

81 1848 120 1921 ι15
134 1827 190 1895 παλ
214 1825 438 1914 ἀμφιθηριτον
466 1825 529 1914 την
555 1825 687 1915 τροφην
710 1833 854 1915 ἔχοντες,
882 1824 966 1895 ῶστε
991 1826 1046 1895 καὶ
1070 1845 1149 1893 σνν-

134 1936 310 2021 τιθέμενολ
329 1958 405 2001 τινα
427 1931 511 2020 πρὸς
533 1929 698 2019 ἀλλήλους
720 1933 794 2020 περὶ
817 1937 885 2001 τῶν
909 1931 990 2001 κατὰ
1012 1931 1052 1999 τὰ
1071 1929 1148 2018 ἠρό-

136 2039 302 2124 τριιομένα
325 2039 455 2125 μέτρων
478 2038 533 2105 καὶ
559 2037 794 2125 διανεμόμενοι
817 2037 857 2104 τά
883 2037 1076 2124 γεννῶμενα
1100 2040 1149 2104 δι-

136 2147 238 2222 καίως
252 2139 400 2229 ἀρχηγὸν
416 2148 530 2228 ἔλεγον
544 2142 661 2228 νόμων
674 2144 730 2210 καὶ
743 2147 881 2230 θεσμῶν
895 2143 957 2228 τὴν
964 2142 1149 2230 Δήμητραν

135 2243 250 2326 αύτοῖς
276 2248 464 2333 γεγονέναι·
493 2250 653 2315 ἐντεῦθεν
679 2250 885 2334 θεσμοθέτιν
913 2245 1019 2334 αὐτὴν
1046 2259 1149 2333 προσ·-

92 2375 120 2415 νο
135 2352 325 2441 ηγόρενσαν
356 2347 430 2420 οἷον
458 2353 642 2438 νομοθέτιν
671 2344 795 2437 οὖσαν,
821 2349 882 2419 ούιι
909 2349 1023 2437 ὀρθῶς
1045 2377 1150 2419 τινων

133 2458 265 2546 θεσμὸν
292 2456 535 2544 ὑπολαβόντων
564 2462 720 2547 εἰρῆσθαι
747 2455 807 2527 τὸν
835 2455 963 2544 καρπὸν
992 2454 1056 2525 ἀπὸ
1087 2462 1149 2525 τοῦ

133 2562 238 2632 αύτὸν
263 2562 487 2632 ἀποτίθεσθαι
510 2565 566 2631 καὶ
589 2553 863 2651 θησανρίζεσθαι.
910 2561 1089 2650 [μυστήρια
1115 2561 1145 2630 θ’

131 2668 227 2754 ἀγειν
255 2666 399 2756 ἤρξαντο
428 2666 511 2756 αὐτῇ
541 2660 823 2755 φιλοσοφοῦντες,
852 2664 920 2754 ἅμα
950 2671 990 2756 τῇ
1021 2666 1150 2755 εὑρέσει

132 2779 200 2843 τῶν
223 2772 309 2862 πρὸς
330 2771 391 2841 τὸν
418 2779 496 2858 βίον
522 2780 694 2862 χρησίμοιν
721 2775 777 2841 καὶ
804 2776 843 2862 τῇ
870 2773 1055 2862 πανηγύρει
1079 2781 1150 2861 χαί-

131 2919 155 2954 τ.
170 2895 325 2968 θημήτερος
337 2892 401 2960 οἷός
419 2894 494 2953 εἷναι
509 2894 575 2968 [λθ]
590 2897 677 2968 Εῆθ
696 2917 719 2952 τ.
738 2899 763 2953 θ.
783 2893 858 2952 εἷναι
875 2893 938 2961 οἷὸς
957 2896 1024 2969 [m]
1040 2915 1054 2953 ο
1072 2898 1149 2967 λε’γε-

131 2989 180 3023 ται
198 2989 220 3022 τ.
240 2971 266 3023 ὃ.
285 2963 361 3022 εἷναι
379 2963 442 3031 νῑὸς
459 2985 530 3022 unus
549 2969 625 3023 Eud.
645 2970 701 3024 eod.
724 2999 758 3009 ·-
782 2974 807 3024 3.
827 2970 913 3037 φησίν
933 2970 1015 3037 (φησί
1032 2968 1073 3036 Ρ)
1093 2966 1147 3036 φη

136 3039 177 3109 V)
192 3055 230 3094 αα
253 3035 309 3108 ἔφη
329 3039 344 3092 b
362 3070 398 3080 -
417 3043 441 3093 5.
461 3037 553 3108 φιλέει
567 3039 644 3094 zNG
662 3070 695 3080 -
716 3045 740 3094 8.
759 3035 826 3102 τούς
844 3036 908 3108 μηίι.
923 3036 947 3092 b'
964 3071 995 3079 -
1018 3044 1059 3092 12.
1078 3039 1148 3108 τοῖς]

64 3159 69 3172 ,
131 3106 230 3172 τόποις
243 3110 343 3165 Struve
361 3139 395 3148 -
416 3115 457 3164 14.
477 3106 519 3180 [οἱ
535 3106 696 3181 ἀνθρωττοι]
716 3109 827 3180 LV1b0
840 3140 874 3150 -
895 3115 936 3162 16.
957 3114 998 3163 17.
1017 3103 1149 3176 ήροτριπ-

133 3178 206 3249 μένα
217 3177 241 3235 α’
250 3181 283 3251 V,
300 3176 509 3249 ἀλλοτριωμένα
521 3182 572 3236 zbc
582 3211 615 3221 -
632 3185 672 3235 17.
686 3185 727 3236 18.
742 3180 791 3235 καὶ
805 3178 988 3240 θιααλωςΜῘ
1004 3178 1019 3231 b
1033 3179 1150 3240 δικαίως

133 3248 165 3304 δὲ
181 3267 242 3305 α-
264 3256 305 3305 19.
326 3247 464 3305 ἐντεῦθεν
483 3253 566 3320 θεσμ.
582 3247 606 3305 α’
614 3250 649 3322 V5¹
670 3270 692 3307 ε.
708 3256 728 3317 ξ
744 3254 776 3305 θ.
794 3250 822 3304 V
837 3269 859 3304 ε.
879 3243 913 3336 ον’
932 3217 1003 3302 θῶ
1022 3266 1044 3302 ε.
1065 3244 1149 3333 ἀνθε-

133 3318 384 3461 ἵρῇθὲζιιρλθοέντ.
408 3321 456 3375 ααλ
474 3324 558 3391 θεσμ.
576 3321 637 3392 Β,ο
656 3352 689 3362 -
709 3327 753 3375 21.
771 3317 974 3392 ύπολαβοντων
993 3321 1102 3388 θεσμον
1123 3320 1152 3372 Ρ
