2490 3848
133 204 176 275 26
528 207 753 261 Κοειιουεοε

132 345 192 414 τόν
215 347 271 414 καὶ
293 346 331 413 ἐν
358 358 431 425 ταῖς
452 352 670 434 παλαίστραις
691 346 773 433 μετὰ
794 353 856 417 τοῦ
873 346 1076 437 Ἡρακλέους
1103 347 1149 428 ὡς

131 457 171 541 τῇ
191 451 283 539 ίσχόι·
299 450 380 539 μετὰ
399 456 564 539 λογισμοῦ
581 457 727 540 χρῆσθαι
745 455 893 534 δέοντος·
917 458 962 543 τῷ
981 453 1044 540 γὰρ
1059 454 1147 543 μόνῃ

131 557 310 628 πεπονθότι
333 563 372 648 τῇ
396 564 458 627 τοῦ
481 558 632 646 σώματος
651 559 809 646 δυνάμει,
832 564 893 628 τοῦ
916 559 954 627 δὲ
972 558 1086 646 λόγον,
1111 557 1148 641 ὃς

131 665 187 732 καὶ
209 667 326 752 τέχνας
344 665 509 752 ἐπήγαγεν
532 670 580 744 είς
601 663 661 733 τόν
679 671 772 751 βίον,
796 663 976 753 ἀμελοῦντι
994 665 1084 733 πάνυ
1103 665 1146 735 όιν

104 789 180 851 ῖτις
205 777 334 852 οἰκείως
356 774 496 840 ἐπείποι·

314 882 483 982 δαιμόνιε,
507 899 626 982 φθίσει
649 913 686 963 σε
707 893 746 963 τό
770 893 833 964 σὸν
855 897 964 982 μόνος.
997 877 1000 887 ¹

198 1045 224 1090 ο.
250 1024 300 1089 17.
340 1023 408 1088 Τοῦ
432 1019 471 1087 δὲ
492 1017 640 1099 πολλός
666 1018 720 1086 καί
748 1024 932 1101 ποικίλας
956 1023 1032 1109 περὶ
1054 1025 1147 1090 θεῶν

131 1128 306 1213 γεγονέναι
333 1125 422 1212 παρὰ
445 1139 516 1205 τοῖς
544 1133 698 1205 παλαιοῖς
720 1123 858 1212 Ἕλλησι
887 1134 1147 1213 μυθοποιίας,

132 1231 178 1312 ὦς
199 1231 297 1300 όιλλαι
320 1231 383 1320 μὲν
400 1231 489 1318 παρὰ
508 1231 643 1317 Μάγοις
660 1231 856 1318 γεγόνασιν,
878 1230 977 1300 όίλλαι
1001 1233 1039 1300 δὲ
1057 1232 1146 1316 παρὰ

45 1348 47 1351 ’
90 1354 117 1394 1⁰
134 1338 240 1423 Φρυξὶ
268 1338 324 1405 καὶ
352 1335 418 1424 ἤδη
448 1335 527 1423 παρ’
554 1341 750 1423 Ἀἰγυπτίοις
778 1364 814 1405 τε
842 1338 898 1405 καὶ
925 1345 1065 1418 Κελτοῖς
1091 1341 1148 1406 καὶ

130 1449 256 1529 Λίβυσι
282 1445 337 1512 καὶ
364 1456 435 1524 τοῖς
461 1441 576 1522 ἄλλοις
603 1449 734 1529 ἔθνεσι,
764 1442 949 1532 μαρτύριον
976 1441 1020 1512 όὶν
1048 1443 1146 1530 λάβοι

129 1577 179 1629 τις
201 1548 313 1617 καὶ
280 1575 317 1618 το
341 1547 419 1635 παρ’
439 1547 569 1641 Ομήρφ
594 1546 814 1635 λεγόμενον’
795 1549 860 1618 υπὸ
880 1553 943 1617 τοῦ
952 1550 1046 1673 Διὸς
1064 1550 1147 1638 πρὸς

129 1654 192 1743 τὴν
206 1654 317 1745 Ἥραν
338 1659 461 1724 τοῦτον
483 1653 544 1722 τὸν
566 1654 709 1740 τρόπον·

173 1777 194 1867 ἢ
219 1778 261 1849 06
283 1781 390 1869 μέμνῃ
415 1778 510 1848 ὅτετ
513 1777 668 1866 ’ἐκρέμω
691 1775 841 1865 ὑψόθεν,
864 1779 900 1847 ἐκ
923 1779 960 1846 66
978 1783 1113 1848 ποδοῖιν

91 1902 117 1942 ¹5
176 1885 324 1974 όκμονας
345 1877 410 1972 ἦκα
433 1884 514 1956 666.

131 2015 218 2080 ἔοικε
240 2009 304 2098 γόιρ
333 2007 350 2078 6
379 2008 518 2096 ποιητὴς
541 2014 656 2096 μυθοῦ
681 2015 741 2094 [τε]
770 2013 915 2111 παλαιοό
939 2011 1146 2097 παραφέρειν

32 2175 34 2178 ,
130 2122 230 2187 τοῦτο
258 2112 474 2201 ἀπόσπασμα,
500 2114 582 2183 καθ’
607 2112 649 2184 ὃν
672 2113 690 2183 6
715 2115 799 2194 Ζεὺς
827 2115 1009 2202 ἐμυθεύετο
1036 2141 1147 2201 κεκρε-

131 2225 270 2311 μακέναι
293 2248 327 2290 τε
351 2224 387 2290 ἐκ
408 2225 469 2290 τοῦ
493 2222 631 2308 οιίθέρος
648 2220 711 2307 τὴν
724 2219 834 2304 Ἥραν
852 2235 991 2309 χρυσαῖς
1009 2219 1146 2289 ἁλύσεσι

130 2333 175 2420 τῷ
199 2327 410 2416 χρυσοφανές
431 2354 463 2395 τι
487 2333 574 2414 ἔχειν
597 2326 646 2402 τόι,
662 2324 766 2412 όστρα
794 2326 849 2393 καὶ
866 2326 913 2393 ,ἐκ
940 2329 1008 2392 τῶν
1031 2329 1146 2393 ποδῶν

91 2450 117 2504 20
131 2434 234 2523 αὐτῆς
252 2433 315 2502 660
334 2432 483 2521 ἄκμονας
501 2433 728 2521 ἐξηρτηκίναι,
750 2430 812 2518 τὴν
830 2434 895 2518 γῆν
914 2430 1072 2517 δηλονότι
1091 2432 1146 2498 καὶ

203 2658 775 2789 12ωςκαλᾶιόέντηιο
799 2667 959 2716 23..πεπ
984 2656 1145 2749 6606-

131 2742 156 2791 4.
177 2735 225 2790 καλ
243 2732 295 2798 τὰς
313 2731 427 2858 τέχναςί
495 2735 528 2788 τό
599 2751 743 2820 επηγαγεν
762 2731 880 2802 είςτ.β
863 2733 922 2817 β.α
941 2730 1022 2794 εί.ςτ
1038 2728 1148 2857 φλόγα-

130 2807 292 2876 γ-ενόα
316 2795 515 2860 8.ἕπείποιιό
538 2799 611 2875 V'
597 2823 642 2860 επ.
660 2801 798 2858 τόΡ-
821 2809 846 2858 6
870 2821 902 2857 το
921 2798 1033 2872 (τονΝ
1068 2799 1148 2871 )σόν

131 2877 216 2946 μένος
235 2877 273 2930 Μ
278 2877 361 2931 ΧλΝ
362 2893 377 2931 ο
394 2875 478 2930 Hom
498 2843 584 2930 2467
604 2871 635 2929 τό
655 2869 720 2929 τεὸν
738 2874 824 2962 μένος
843 2869 897 2928 Pb'

202 2947 289 3004 XVII.
313 2952 338 3002 9
364 2941 402 3009 ὥς
424 2941 496 3000 ἄλλα
520 2945 585 3000 ΡΧ
605 2940 1030 3008 monemuth-610.
1059 2941 1168 3030 [παρα

132 3018 218 3088 φρνξῖ
240 3018 290 3073 καὶ
312 3014 379 3088 ἤδη]
403 3016 540 3073 Noc-
564 3023 605 3071 11.
630 3013 728 3070 ἔθνεσι
750 3034 769 3070 α
792 3013 884 3084 ἕλλησι
902 3016 995 3070 bc-
1022 3020 1063 3068 12
1090 3009 1146 3068 ὑπὸ

132 3090 222 3177 [φ]
204 3087 361 3152 διόςα-
385 3093 426 3142 14.
451 3081 580 3158 μέμνφ”
563 3107 609 3142 οτε
637 3107 652 3140 τ
655 3082 746 3154 ’.ἐκρ
770 3105 788 3141 α
810 3087 892 3142 Hom.
918 3088 999 3140 018
1025 3081 1146 3154 μέμνητ’

132 3181 164 3215 οι
195 3154 253 3228 (ότι
270 3159 310 3227 Β)
335 3107 535 3227 ἐκρέμωό-
560 3163 601 3214 15.
625 3154 684 3212 δύο)
703 3157 785 3212 Ηοικ.
805 3154 959 3211 ἃόοθ-
982 3161 1025 3212 16.
1044 3155 1147 3239 μυθοῦ

131 3231 258 3286 τεθ-
281 3236 322 3284 16.
342 3229 486 3283 πτοῖαι
509 3228 688 3315 παραφέρειν
709 3228 795 3282 Β-
821 3233 862 3282 17.
890 3227 990 3311 who}
1008 3225 1091 3279 τοότο
1115 3221 1146 3279 τό

133 3301 178 3357 Os.
201 3303 299 3358 αλ-
267 3295 484 3370 -ἒμυθεόετο
507 3316 540 3354 ex
564 3295 744 3368 ἕμνθεόσατο
765 3299 803 3352 Μ
821 3292 1001 3366 ἐμυθεόοατο
1028 3291 1147 3366 (ἐμνθή-

132 3391 199 3427 σατο
201 3372 267 3458 V)
288 3371 424 3426 ΡΧλ-
449 3375 491 3425 1ῖ.
516 3377 557 3426 18.
581 3389 692 3441 κεκρεμ.
716 3372 860 3440 (κεκρεμμ.
882 3366 953 3435 NG)
978 3367 1032 3439 [τε]
1058 3368 1094 3423 bc
1113 3398 1148 3408 -

135 3449 175 3496 19.
196 3437 228 3497 ἐκ
242 3412 295 3515 [τ.]
314 3438 452 3498 ποόῶνό’
588 3481 591 3484 -
